3908 6156
153 277 193 338 ιι
754 266 1113 334 saumreaseoau
1135 269 1264 333 uuum
1818 226 1859 338 re

155 425 207 486 gar
221 423 280 469 non
294 414 369 478 arat,
383 409 454 467 dum
469 423 556 480 parva
575 421 610 464 ax
630 404 752 464 adverso
767 403 846 463 maia
862 404 977 472 metuit,
992 410 1019 480 Α
1034 405 1105 478 ipsis
1120 404 1272 477 patiuntur
1285 403 1364 465 irati.
1379 406 1601 483 Nonnunquam
1618 421 1695 478 vero,
1719 413 1795 486 qood
1814 417 1861 473 est

156 495 648 573 cleperarimaximapretermittit.
660 496 842 555 Benaaulem
853 495 976 553 dieitur:
1033 497 1163 571 gravius,
1176 497 1225 553 lrm
1240 513 1300 554 sun
1315 497 1466 555 stimulum
1483 499 1606 571 justitias
1629 499 1724 559 zelum
1745 509 1861 576 putant.

157 591 319 649 Neardicellt
332 597 440 659 estate,
456 597 483 644 at
497 602 553 643 oen
565 586 722 644 debiturei.
738 585 792 651 Oui
806 586 884 643 enim
899 602 978 642 nunc
1033 588 1067 644 ut
1077 604 1143 644 cum
1159 587 1261 644 vitium
1276 587 1370 643 virtus
1384 588 1524 656 creditur,
1540 590 1602 648 sinc
1618 597 1694 648 metu
1712 591 1799 666 eulpa
1813 611 1863 653 eo·

155 681 186 738 in
203 681 287 738 bonis
301 677 437 752 operibus
453 692 510 733 non
527 671 659 742 exsudat,
673 691 740 732 cum
756 675 798 732 sol
810 674 913 748 judieii
926 677 978 731 ler·
1034 676 1174 733 molatur.
1192 677 1273 749 Sceps
1289 692 1358 750 argo
1374 679 1518 734 mausueti
1530 678 1731 739 dissolutionis
1746 688 1861 758 terpes-

154 767 451 842 ventiorapparuerit,
465 767 536 840 quia
546 767 653 822 trustra
668 765 749 837 regni
761 766 871 821 aditum
884 773 978 838 posto·
1033 771 1105 821 eunt
1120 764 1222 835 tadie;
1239 766 1454 839 snpairaeundl
1471 768 1653 825 rectitudinis
1666 770 1861 836 lallunturae.

154 860 207 928 lat,
227 859 268 916 nil
291 859 436 927 accipiens
456 859 558 913 natata
580 855 734 912 mendicet.
752 853 829 912 Bene
846 854 912 910 buin
927 870 977 926 per
1033 855 1071 912 le.
1083 856 1411 927 Illorumitaquevirtoti
1420 856 1521 913 virium
1533 857 1659 916 latenter
1669 863 1859 937 adjungitur3

154 950 291 1008 eumdem
311 947 495 1005 Salomonem
506 959 625 1002 rursum
638 944 744 1001 dicitur
758 961 765 1002 :
781 947 839 1019 Qui
850 946 977 1002 observet
1032 944 1189 1001 bisantem
1205 961 1292 1001 soum
1303 945 1403 1001 vitium
1413 946 1594 1017 qoasivirtus
1609 950 1721 1008 larveus
1732 953 1858 1015 ridetur.

152 1052 276 1111 eentum,
292 1039 476 1096 conseminat
488 1053 495 1104 ;
507 1046 534 1092 et
556 1034 606 1108 qui
619 1034 774 1091 considerat
789 1036 884 1101 nubea,
901 1053 975 1091 aaa·
1031 1034 1291 1092 Admonendisunt
1302 1033 1390 1108 igitur
1400 1034 1443 1091 illi
1455 1044 1486 1092 ut
1497 1037 1613 1109 lugiunt
1624 1041 1701 1111 qood
1712 1043 1796 1113 juxta
1809 1043 1859 1118 ip·

152 1147 238 1204 quum
253 1131 331 1187 metit
343 1127 443 1202 (llecle.
458 1143 498 1194 xi,
513 1125 553 1199 l).
576 1124 651 1192 Quid
673 1124 752 1182 enlm
775 1140 825 1198 per
842 1130 974 1195 ventum,
1032 1140 1081 1181 ans
1096 1130 1149 1191 est,
1166 1124 1213 1180 isti
1230 1124 1307 1196 qood
1323 1125 1353 1179 in
1369 1123 1443 1197 ipsis
1466 1131 1510 1182 est
1531 1128 1700 1199 attendant;
1721 1130 1764 1188 illi
1780 1134 1858 1204 qued

153 1221 212 1278 nisi
227 1218 423 1292 malignorum
438 1215 594 1287 spirituum
606 1216 726 1271 tentatie
736 1214 930 1285 exprimitur?
941 1215 975 1273 lto
1031 1229 1089 1269 nnn
1106 1214 1214 1269 habent
1230 1213 1406 1279 discernunt,
1419 1216 1456 1286 (⁶)
1466 1214 1513 1271 isli
1524 1218 1598 1287 quod
1608 1218 1725 1275 habent·
1738 1222 1859 1294 Ample-

152 1309 224 1383 quid
235 1308 386 1384 pernubes
397 1321 460 1380 qua
477 1305 817 1372 moventuraveoto,nisi
828 1308 866 1378 (a)
875 1305 975 1362 adver·
1031 1307 1147 1358 utantur
1162 1303 1307 1359 mensuali
1321 1301 1560 1374 sollicitudinem,
1570 1306 1857 1370 damnantiracondi

150 1401 250 1458 sitatcs
264 1414 418 1473 pravorum
435 1395 586 1453 bominum
612 1396 826 1468 designantur?
840 1399 864 1452 ll
879 1395 973 1453 ventis
1030 1391 1287 1464 perturbationem.
1302 1392 1488 1449 Admcnandi
1504 1399 1576 1451 suot
1592 1398 1747 1468 mansueti,
1763 1400 1856 1458 utba·

149 1486 481 1562 videlieetimpelluntur
491 1487 594 1552 nubes,
604 1485 675 1558 qnia
685 1486 905 1543 immundorum
916 1485 974 1558 spi·
1030 1480 1098 1538 bure
1113 1481 1202 1537 elium
1217 1480 1432 1540 emulationem
1444 1483 1569 1555 iustitie
1585 1486 1743 1559 sindonum
1755 1489 1857 1549 admo·

150 1579 261 1636 rituum
272 1577 373 1634 ailiato
389 1576 469 1650 pravi
484 1574 648 1634 excitantur
664 1574 808 1633 homines.
831 1575 887 1641 Oui
903 1591 971 1650 ergo
1030 1569 1116 1626 nendi
1132 1573 1202 1626 sunt
1213 1570 1357 1642 iracundi,
1369 1571 1589 1631 ntemulatieni
1601 1591 1691 1649 qoam
1704 1593 1736 1634 se
1746 1577 1856 1639 habere

146 1669 281 1727 observet
298 1670 428 1738 ventum,
449 1665 664 1734 nonaeminat;
683 1667 713 1721 et
732 1664 784 1737 qui
806 1665 972 1722 considerat
1028 1662 1207 1732 existimant,
1238 1664 1496 1721 mansuetudinem
1525 1665 1715 1740 subjungant.
1744 1671 1855 1730 Idcirco

147 1760 253 1828 nobes,
269 1773 423 1832 nonquam
438 1757 520 1814 metit
532 1772 540 1825 ;
551 1755 620 1828 quia
633 1756 765 1828 quisquis
779 1756 970 1813 tentationem
984 1783 1009 1852 B
1028 1768 1156 1825 namque
1171 1753 1297 1827 Spiritus
1312 1762 1432 1811 sanctus
1442 1754 1473 1811 in
1485 1754 1622 1813 columba
1632 1757 1715 1815 nobie
1725 1763 1769 1817 est
1783 1760 1852 1820 etin

147 1844 519 1924 malignorumspirituum,
531 1844 969 1918 quisquispersceutlonempra·
1027 1842 1095 1917 igne
1107 1846 1296 1914 monstratus,
1313 1844 1383 1917 qnia
1393 1843 1529 1902 videlicet
1538 1861 1642 1906 omnes
1653 1864 1728 1922 quea
1738 1848 1852 1923 implet,

147 1954 251 1996 vorum
263 1935 414 1995 hominum
425 1933 540 2005 metuit,
550 1932 973 2007 nequeuuncgranabeniopa·
1025 1938 1055 1992 at
1065 1933 1207 1993 colombae
1221 1935 1412 2009 simplicitate
1424 1942 1605 2012 mansuetos,
1619 1944 1650 1999 et
1663 1941 1730 2015 igne
1740 1941 1794 2001 zali
1803 1959 1850 2002 ar·

146 2028 188 2086 ris
204 2026 341 2095 seminat,
356 2040 450 2098 neque
464 2029 534 2082 tunc
549 2022 718 2097 manipulos
733 2023 970 2082 sanctaeretribo·
1026 2025 1129 2083 dentes
1143 2025 1271 2083 exhibet.

147 2115 238 2174 tionis
253 2120 344 2174 secat.
1058 2114 1247 2185 Nequaquam
1261 2131 1329 2189 ergo
1349 2121 1451 2176 saneto
1474 2117 1582 2191 Spiritu
1600 2119 1705 2193 planos
1723 2125 1780 2189 est,
1796 2123 1850 2198 qoi

183 2203 855 2279 ateentra,praeipnasoombonorumactuum
865 2220 970 2276 preve·
1024 2206 1075 2259 eut
1089 2203 1119 2260 io
1131 2204 1341 2274 tranquillitate
1350 2207 1585 2265 mansuetudinis
1600 2208 1741 2266 ferverem
1757 2227 1850 2269 emu-

146 2295 365 2366 niunttempos,
377 2294 512 2351 meritum
527 2299 705 2366 pervertunt,
716 2298 745 2351 et
755 2310 832 2366 sapa
843 2296 873 2351 in
884 2293 969 2351 malis
1023 2291 1141 2349 lationis
1156 2292 1275 2364 deserit,
1290 2303 1339 2351 aut
1354 2311 1469 2352 rursum
1486 2295 1516 2352 iu
1534 2288 1731 2356 emulationis
1745 2301 1849 2359 ardere

146 2389 297 2454 corruunt,
308 2384 376 2442 dom
391 2383 468 2440 bena
480 2382 600 2439 minima
610 2383 788 2440 discernunt.
798 2383 852 2451 Oui
864 2399 969 2456 nequa·
1022 2382 1156 2438 virtulem
1172 2383 1405 2440 mansuetudinis
1419 2383 1541 2442 amittit.
1552 2386 1633 2452 Quod
1645 2386 1769 2446 fortasse
1785 2406 1848 2447 me·

143 2491 232 2547 quam
247 2490 313 2548 quea
326 2473 445 2547 quando
456 2481 543 2546 agant
553 2471 723 2546 inspiciunt,
735 2473 784 2530 sed
795 2472 967 2546 plerumque
1022 2470 1079 2527 lius
1091 2470 1286 2541 ostendimus,
1303 2471 1328 2528 ei
1354 2472 1384 2528 iu
1401 2473 1530 2531 medium
1546 2474 1630 2532 Pauli
1646 2477 1849 2551 magisterium

144 2571 208 2621 acle
222 2562 340 2637 quisita
355 2578 412 2620 nen
423 2562 587 2620 debuerunt
597 2577 684 2635 agere
695 2567 886 2635 cognoscunt.
897 2562 966 2628 Oai·
1022 2560 1850 2636 proferamus,quiduebusdisaipuliaetnondivcraaeba·

143 2653 197 2712 bus
211 2654 267 2710 aob
283 2651 427 2710 auditoris
442 2651 538 2725 speeie
554 2661 631 2708 recte
641 2652 718 2724 apud
730 2651 768 2725 (l)
784 2651 965 2709 Salomonem
1021 2649 1851 2726 ritatcprndilis,diversatamenadjuteriapraedieatiunia

143 2742 252 2798 dieitur
267 2760 274 2800 :
287 2742 354 2811 Fili,
364 2742 425 2798 siae
434 2741 549 2798 coasilio
564 2740 742 2813 ailtilsucios,
754 2749 779 2798 et
791 2744 851 2813 port
860 2743 966 2814 suetum
1021 2739 1367 2812 impendit.Timotbeum
1376 2742 1848 2820 uumqueadmunans.aittireno,

143 2847 199 2889 ocu
212 2830 355 2904 poenitebis
369 2831 465 2904 (decli.
477 2847 564 2900 xxxia,
588 2830 645 2902 el).
663 2830 695 2886 uo
711 2847 828 2887 rursum
844 2848 851 2887 :
869 2832 966 2888 Polic-
1020 2828 1145 2894 obsecre,
1158 2828 1271 2900 increpo
1281 2830 1400 2887 inomni
1412 2831 1584 2903 potientioet
1594 2831 1720 2891 doctriua
1731 2835 1768 2907 (ll
1778 2837 1847 2893 lim.

146 2922 205 2980 lrae
214 2925 272 2980 tuae
286 2921 434 2994 precedunt
446 2935 555 2991 pressus
565 2927 625 2975 tuos
640 2919 731 2992 (Pron.
744 2936 782 2990 ιι,
796 2919 967 2992 25).Ρι1ρο-
1020 2935 1058 2986 rv,
1069 2920 1109 2992 2).
1121 2919 1219 2975 'litum
1229 2934 1343 2992 quoque
1356 2923 1493 2977 admonet
1503 2921 1604 2978 dicens
1616 2937 1623 2977 τ
1636 2926 1705 2981 lianc
1722 2924 1846 2999 loquere,

144 3011 205 3069 brn
217 3011 324 3084 quippe
338 3026 458 3085 gressus
480 3010 658 3083 precedunt.
680 3024 748 3066 com
767 3009 966 3080 operationem
1020 3019 1047 3066 et
1061 3008 1220 3075 exhortare,
1235 3013 1262 3065 et
1276 3025 1435 3078 arqueeum
1445 3014 1521 3067 omni
1535 3009 1654 3084 imperio
1664 3012 1733 3085 (Tit.
1745 3030 1778 3084 u,
1790 3015 1848 3082 tei.

144 3105 274 3157 nestram
291 3099 415 3158 consilia
429 3102 506 3155 rocta
521 3098 712 3171 preveniunt.
725 3099 778 3166 Qui
788 3099 865 3155 enim
879 3098 968 3165 napli-
1021 3099 1095 3166 Ouid
1107 3103 1151 3155 est
1162 3099 1240 3171 qood
1251 3099 1411 3155 doctrinam
1424 3116 1509 3156 suam
1521 3106 1601 3157 tanta
1612 3101 1848 3176 artedispeosat,

140 3189 184 3260 git
197 3189 410 3246 considerando
424 3188 580 3260 praevidere
595 3190 670 3259 qued
682 3187 759 3254 iacit,
775 3204 891 3260 gressus
901 3192 964 3244 ten·
983 3167 1006 3236 c
1020 3187 1060 3260 (d)
1072 3193 1104 3243 ut
1113 3187 1141 3243 iu
1152 3187 1315 3244 exbibenda
1327 3187 1392 3254 bae,
1402 3188 1485 3246 alteri
1495 3190 1846 3262 imperium‚alquealteri

139 3277 194 3347 dit,
205 3277 304 3335 oeulos
314 3276 434 3347 claudit,
447 3278 594 3350 pergendo
604 3278 656 3334 iter
668 3277 795 3346 conlinit,
805 3278 853 3333 sed
867 3277 964 3349 previ·
1017 3276 1187 3349 patientiam
1199 3281 1352 3348 proponat,
1362 3276 1418 3332 nisi
1429 3277 1505 3348 quod
1515 3279 1846 3354 mansuetiorisspiriloa

137 3367 234 3425 dende
243 3366 416 3439 sibImetipsi
427 3383 485 3423 nen
498 3367 654 3435 antecedit,
665 3365 866 3440 atqueideirco
877 3365 963 3424 eitius
1017 3365 1126 3433 Titum,
1138 3370 1165 3422 et
1176 3367 1263 3439 paulo
1275 3365 1457 3424 ferventioris
1471 3368 1542 3426 vidit
1558 3385 1620 3426 esse
1633 3369 1844 3429 Timotheum?

137 3456 259 3523 cerruit,
274 3456 416 3528 quiaque
432 3457 536 3529 pedem
549 3455 646 3528 eperia
662 3471 769 3527 ponere
783 3455 894 3525 debeat,
911 3471 962 3528 per
1017 3454 1102 3512 lllum
1112 3453 1364 3529 peremulatienis
1375 3456 1507 3514 studium
1517 3458 1691 3529 inflammat,
1703 3459 1782 3518 bunc
1792 3478 1845 3535 par

1017 3542 1169 3601 leuitatem
1181 3543 1326 3615 patientie
1335 3551 1486 3618 temperat.
1495 3547 1538 3603 llli
1550 3547 1629 3622 quod
1645 3549 1725 3606 deest
1731 3550 1844 3622 jungit,

1016 3627 1085 3684 huic
1100 3629 1178 3701 quod
1192 3634 1333 3701 superest
1343 3632 1497 3688 subtrabit
1512 3632 1599 3689 illum
1611 3632 1731 3691 stimulo
1744 3634 1845 3709 impel-

1016 3716 1076 3774 lere
1092 3717 1205 3785 nititur,
1220 3718 1297 3775 hune
1314 3720 1393 3776 lieno
1410 3722 1589 3778 moderatur.
1604 3722 1845 3798 llugnusqoippe

1016 3812 1157 3880 susceptae
1168 3806 1302 3866 Ecclesia
1314 3808 1444 3878 colonus,
1452 3809 1524 3867 alios
1535 3810 1667 3884 palmites
1675 3818 1844 3872 utcroseere

135 3543 309 3618 palpebram
324 3543 439 3602 consilii
453 3560 510 3601 uon
529 3544 666 3602 attendit.

376 3671 495 3730 cnudo
513 3671 571 3729 xvl
588 3672 642 3744 [lt.
657 3671 722 3744 llil.

218 3781 357 3856 Quomodo
372 3781 538 3839 admouendi
551 3779 729 3852 mausuetijet
744 3777 884 3837 iracundi.

172 3909 339 3981 (Admonitie
350 3909 404 3979 17.)
419 3906 508 3965 Aliter
518 3905 695 3964 admonendi
719 3914 789 3963 sont
804 3906 961 3975 mansueti,

138 4005 226 4071 atqua
241 3997 326 4055 aliter
336 3997 478 4054 iracundi.
491 3996 710 4070 Nonnunquam
723 3997 800 4053 euim
814 3998 960 4054 mansueti

136 4106 203 4148 cum
212 4094 352 4163 praesunt,
363 4089 490 4146 vicinum
499 4094 527 4146 et
538 4087 619 4161 quasi
628 4089 713 4159 Juxta
723 4087 852 4159 positum
864 4094 960 4161 lorpe-

136 4197 198 4238 ram
213 4177 549 4253 disterminantem
565 4178 740 4251 plerumque
750 4176 840 4234 nimia
852 4177 961 4236 roselo-

129 4270 211 4329 tioua
227 4269 368 4335 leuitatis,
385 4267 461 4324 oltra
475 4283 566 4342 quam
577 4272 743 4324 necesseest
759 4268 886 4339 vigerem
898 4267 958 4324 dia·

128 4356 452 4417 trietienisamelliunt.
468 4363 507 4413 at
522 4366 624 4414 eontra
642 4356 774 4413 iracundi
795 4372 863 4413 eom
883 4357 958 4429 regi·

128 4448 243 4506 minum
259 4446 324 4504 loca
338 4445 515 4518 percipiunt,
531 4462 590 4518 qne
599 4443 766 4517 impellente
781 4445 825 4502 ira
836 4445 863 4501 iu
878 4461 956 4502 men·

1016 3897 1142 3954 debeant
1152 3896 1223 3968 rigat
1237 3916 1245 3967 ς
1261 3897 1335 3954 alius
1346 3914 1411 3955 cum
1422 3900 1714 3973 plosjostocrescere
1724 3902 1841 3975 censpi-

1015 3987 1054 4044 eit
1063 3991 1182 4055 resecat,
1195 4003 1230 4044 ne
1240 3993 1291 4043 aut
1302 4003 1358 4065 nen
1368 3989 1525 4047 crescendo
1538 4006 1595 4048 non
1607 3984 1702 4048 lerant
1714 3991 1839 4063 fructus,

1015 4082 1076 4148 aul,
1092 4077 1283 4135 immoderata
1297 4079 1466 4150 crescendo,
1482 4095 1555 4152 ques
1571 4080 1743 4152 protulerint
1756 4083 1840 4141 amit·

1014 4170 1088 4225 tant.
1103 4166 1159 4224 Sed
1175 4167 1261 4239 longe
1276 4165 1335 4224 alia
1349 4173 1394 4225 ast
1419 4168 1459 4224 ira
1482 4186 1545 4242 quae
1570 4169 1625 4226 sub
1644 4171 1838 4229 emulationis

1014 4256 1111 4329 speeie
1121 4255 1256 4329 subripit,
1271 4256 1329 4313 alia
1340 4272 1402 4329 qun
1417 4257 1564 4315 turbatum
1576 4274 1625 4316 cer
1639 4266 1668 4316 et
1681 4260 1838 4332 sinejusti·

1013 4345 1059 4402 tlae
1071 4351 1208 4419 pretextu
1225 4346 1390 4405 contundit.
1403 4345 1453 4403 lllu
1462 4349 1539 4404 euim
1552 4349 1582 4405 in
1599 4348 1654 4406 hoe
1664 4349 1741 4422 qoud
1752 4349 1839 4408 dehet

1012 4433 1361 4506 inordinateextcuditur,
1371 4435 1538 4495 brecaotem
1549 4454 1663 4511 semper
1675 4436 1705 4495 in
1716 4436 1762 4495 bis
1772 4455 1838 4513 qun

129 4537 168 4595 tia
178 4536 332 4595 vesaniam
342 4537 391 4594 eo
406 4535 608 4604 devolvuntur,
622 4551 655 4592 eo
666 4535 755 4591 etiam
765 4534 951 4592 subditorum
967 4539 991 4606 1)
1013 4540 1070 4581 11011
1082 4523 1168 4581 debui
1179 4523 1552 4583 inflammatur-uerendum
1562 4526 1838 4602 quippeestqoiain

127 4627 217 4684 vitam
232 4626 373 4700 dissipata
387 4623 494 4698 quietis
515 4622 730 4697 tranquillitate
755 4623 950 4681 contundunt,
1008 4611 1063 4669 hee
1073 4611 1109 4669 ab
1121 4610 1341 4686 impatientibus
1355 4612 1486 4672 iracundi
1498 4613 1645 4683 dillerout,
1656 4616 1734 4689 qued
1745 4615 1836 4674 illlab

127 4717 207 4783 Ques
220 4730 288 4773 eum
309 4715 390 4770 ieros·
409 4711 471 4786 agit
491 4711 521 4767 in
546 4726 685 4783 preceps,
710 4710 846 4781 ignorant
862 4709 949 4784 quid.
1004 4701 1070 4760 aliis
1085 4701 1168 4759 illata
1183 4719 1242 4759 nun
1258 4703 1393 4771 tulerant,
1410 4703 1459 4761 isti
1475 4710 1574 4764 autem
1589 4708 1754 4781 etiamque
1765 4707 1836 4767 tole·

127 4803 197 4877 quid
226 4801 293 4861 irati
322 4801 444 4871 iaciunt,
472 4799 607 4872 ignorant
627 4799 771 4872 quidquid
801 4816 820 4857 a
847 4804 951 4858 sarnat-
1003 4791 1836 4871 renturimpurtaut.Namiracundisoepeetlam(e)seda·

159 4908 200 4981 (a)
216 4909 276 4965 lloa
292 4917 347 4977 est,
362 4907 579 4965 adversantium
598 4922 755 4978 pravorum
772 4906 910 4974 impetos,
921 4913 951 4964 et
1002 4897 1139 4983 Numluli
1154 4914 1204 4970 per
1216 4898 1434 4983 iuliuiiudiuem
1448 4909 1592 4985 ternorum
1614 4901 1755 4967 damnent,
1774 4901 1838 4960 tra·

122 4980 366 5052 oppugnationum,
384 4980 524 5037 omnen
535 4978 614 5036 vocis
634 4979 724 5051 huju„
742 4979 821 5051 ppud
839 4977 949 5052 affigo.
1001 4969 1086 5026 cunda
1096 4971 1343 5039 perturbationem.
1359 4971 1402 5030 lta
1418 4983 1504 5029 etiam
1520 4973 1774 5045 primusGarnet.,
1786 4975 1838 5031 ad·

122 5054 214 5119 rium,
230 5051 296 5108 vide
310 5050 330 5106 l.
344 5068 365 5109 ιι
380 5052 482 5108 Neral.
498 5067 528 5108 u.
544 5051 590 5106 5¹.

998 5038 1079 5111 Jecte
1094 5049 1134 5107 ut,
1151 5054 1218 5099 ante
1233 5047 1382 5108 torporem.
1408 5044 1440 5099 ln
1467 5044 1573 5113 Laod,
1597 5042 1673 5101 uate.
1697 5051 1725 5100 et
1750 5048 1837 5104 lertio

171 5124 196 5195 a)
208 5120 259 5180 llio
270 5128 390 5180 sanctus
402 5126 506 5179 Dentur
516 5120 624 5178 librom
637 5118 831 5178 oculastasuet
843 5119 950 5179 diserte
1001 5112 1119 5170 Gaffiot·
1132 5130 1139 5168 τ
1153 5112 1202 5169 ltu
1215 5113 1283 5186 quid
1297 5114 1398 5170 lobea!
1422 5116 1593 5184 discernuat,
1614 5118 1661 5172 isli
1682 5118 1758 5188 quod
1779 5133 1837 5175 noa

123 5122 489 5265 Saiemenitrlbuitmujos
502 5199 650 5251 auctorem
660 5192 812 5266 supealibi
823 5193 950 5265 appellat
1002 5183 1834 5275 ludentannectantur.uurrueriparsottuusotmrarp.

123 5270 239 5322 tantum
248 5264 565 5338 queurdomsepe'eutem.
577 5264 649 5321 Vide
660 5265 679 5322 i.
691 5280 730 5321 vu
739 5265 839 5330 uorat,
851 5280 880 5319 n.
892 5264 948 5333 ⁴53
1001 5254 1143 5312 domuerat.
1160 5256 1222 5312 Duo
1238 5271 1350 5327 priores
1360 5256 1494 5341 Gemuit
1511 5263 1651 5318 Mansuete
1665 5275 1718 5329 pre
1727 5260 1835 5319 cellma-

124 5337 145 5394 Ι,
162 5354 209 5395 χχ,
224 5354 253 5393 n.
267 5338 321 5406 513
343 5336 362 5392 t.
378 5352 467 5392 χχιιι,
488 5353 517 5393 ῃ,
534 5336 571 5392 53
581 5351 589 5404 ;
610 5338 629 5392 t,
641 5352 738 5404 mm,
750 5352 778 5392 n.
796 5334 840 5390 23.
858 5335 947 5404 intra,
1002 5329 1103 5382 tudine
1116 5333 1189 5399 terp.
1200 5328 1342 5384 damnent.
1358 5329 1500 5403 Sequitur
1513 5346 1582 5389 eum
1602 5331 1832 5391 omnibnslldit.

123 5406 153 5464 in
170 5408 369 5465 admonitione
383 5408 427 5471 22.
445 5405 593 5476 Salomon,
612 5408 696 5479 Juxta
710 5409 853 5481 quosdam
875 5405 947 5464 Nss.
1000 5397 1189 5455 irecensem.

122 5474 945 5566 optimaeildel,pronontiatnrseripterholossacrilibri.

122 5550 246 5609 Consule
255 5550 362 5609 ibidem
375 5556 474 5608 notam
490 5567 521 5607 n.

1037 5471 1078 5540 (d)
1091 5469 1168 5527 Belo.
1185 5477 1212 5526 at
1224 5472 1371 5529 secundos
1381 5472 1478 5544 Caro,
1494 5483 1525 5531 ut
1537 5475 1573 5532 od
1586 5473 1745 5532 exbibenda
1758 5476 1832 5535 bare.

1036 5542 1072 5613 ta)
1086 5541 1189 5610 Laod,
1205 5541 1387 5616 dedipuaurrr
1402 5548 1489 5621 tnaeq.
1506 5547 1625 5606 'l'astiua
1639 5550 1772 5621 carnot,
1785 5546 1833 5606 da·

157 5622 193 5696 (c)
209 5623 361 5682 Secundus
379 5622 478 5695 Garn,
492 5619 591 5688 eoru,
607 5620 743 5696 Longlp,
755 5622 944 5695 liotltnmag„
999 5612 1137 5670 otiaretur
1149 5622 1181 5671 ιιι
1194 5613 1381 5687 dediqanuter
1394 5617 1483 5691 iraaeq.

108 5693 178 5758 hyr,
190 5700 223 5748 et
231 5696 338 5753 tertius
348 5698 459 5754 demet.
471 5710 477 5752 :
491 5694 540 5751 leti
550 5692 621 5764 qued
627 5693 724 5751 tacent
733 5694 945 5767 conplectantur.
