3908 6156
75 262 140 328 ata
734 260 995 330 ιιιιιοοοιιυιι
1018 266 1092 329 nn.
1115 266 1139 329 1.
1731 271 1793 335 ιιι
1907 350 1910 355 ‚

72 397 183 466 saneti,
201 411 294 470 seque
309 409 407 453 earam
419 394 493 451 laeto
506 392 586 450 iuius
595 409 664 451 eum
683 394 869 471 lacrymiste)
880 398 910 455 in
926 402 953 469 Α
968 398 1071 463 ἐκεῖνος
1082 399 1133 479 γὰρ
1147 397 1331 472 ἐτελεύτησεν.
1343 403 1430 458 τοῦτο
1442 398 1470 457 δὲ
1481 402 1495 457 δ
1507 398 1689 480 πρεσὺὑτερος
1706 403 1795 461 ἀκοά-

72 496 187 548 terram
199 486 292 545 dedit.
303 486 436 557 Cumque
445 484 636 542 vehementer
649 485 742 554 tieret,
759 486 909 547 interram
968 511 1026 563 σας,
1036 492 1082 546 καὶ
1094 491 1245 566 σύντρομος
1256 493 1415 569 γενόμενος,
1428 491 1527 566 ήρξατο
1540 495 1575 568 (e)
1588 492 1794 570 δδύρεσοαι,καὶ

73 585 166 655 ceput
182 578 329 646 tunderet,
346 591 436 648 seque
451 590 534 632 reum
546 575 650 632 mertia
664 575 745 633 iilius
761 578 910 651 clamaret,
970 580 1075 658 μεγάλῃ
1085 587 1118 656 τῇ
1131 586 1207 659 φωνῇ
1219 584 1350 660 φονευτήν
1361 583 1456 638 ἑαυτὸν
1467 583 1565 640 τούτου
1576 585 1793 644 καλεῖν.Κλαίων

73 676 196 743 repente
211 668 238 724 is
258 667 310 740 qui
333 665 493 723 defunctus
517 665 612 722 iuerat
636 665 766 723 unimam
791 669 911 741 recepit.
967 671 1057 727 τοίνυν
1068 666 1215 727 κατέλαὺεν
1227 671 1254 727 ἐν
1265 673 1288 745 ᾧ
1298 673 1330 728 τὸ
1341 676 1477 746 σῶματοὺ
1488 673 1795 746 τελευτήσαντοςύκειτο

74 760 238 826 Quoddnm
247 755 912 828 multiquicircumstnitnntespieersnt‚admi·
967 760 1014 817 καὶ
1025 761 1119 816 ’ταυτὸν
1132 756 1284 835 ἔμπροσθεν
1294 766 1343 817 τοῦ
1352 758 1489 837 κραὺοίτου
1499 763 1582 818 αὑτοῦ
1594 765 1628 838 (l)
1641 764 1739 840 είςγῆν
1748 764 1796 844 ἔρ·

75 844 616 917 retienisvnetbusemiaaia,eoeperant
627 846 843 917 amplineulare
853 864 912 922 prm
969 850 1042 928 ῥιψε,
1054 848 1151 906 τούτου
1162 847 1191 906 δὲ
1204 847 1330 929 σφοδρῶς
1343 849 1554 924 κλαίοντος,καὶ
1563 855 1614 923 τὴν
1624 855 1746 929 κεφαλὴν
1758 855 1797 919 είς

75 940 197 1015 gaudio.
214 938 344 1010 Cumque
360 950 429 991 eum
454 934 638 1005 requirerent
658 935 710 991 ubi
743 936 842 1007 tuerit,
868 939 912 996 vei
967 938 1793 1014 τὴνγῇνπροσαράσσοντος,καὶδαυτὸναίτιοντοὺθανάτου

77 1029 230 1104 quomodo
245 1026 394 1093 rediisset,
407 1024 447 1082 nit
463 1041 470 1080 :
486 1024 564 1080 Tetri
579 1023 665 1081 ualde
680 1031 764 1083 erant
778 1027 913 1086 homines
968 1024 1052 1081 αὐτοῦ
1063 1026 1129 1081 εἶναι
1140 1025 1279 1102 λέγοντος,
1292 1025 1366 1107 ὐίφνω
1377 1029 1391 1083 ό
1401 1026 1573 1099 τελευτήκὼς
1583 1031 1632 1101 τήν
1647 1032 1740 1108 ψυχήν
1756 1034 1796 1107 (ρ)

77 1120 130 1195 qni
142 1134 189 1174 me
204 1116 361 1184 ducebant,
377 1131 412 1171 ex
427 1130 554 1187 quorum
570 1129 621 1171 ore
639 1118 668 1172 et
692 1115 813 1174 utribus
837 1118 913 1190 ignis
967 1111 1187 1174 ἂνίλαὺε,Τοῦτο
1197 1114 1226 1172 δὲ
1238 1118 1263 1172 ei
1275 1123 1455 1194 περιεστῶτες
1467 1118 1797 1200 θεασάμενοιμαὶσφόθρα

73 1210 187 1278 exibet,
199 1222 288 1279 quem
304 1204 430 1262 tolerare
444 1219 503 1262 non
534 1207 678 1276 poteram.
703 1204 838 1279 Cumque
863 1224 913 1280 per
968 1202 1012 1262 tat
1027 1211 1068 1279 τῷ
1084 1205 1202 1281 θαύματι
1218 1205 1409 1283 ἐκπλαγέντες,
1425 1207 1541 1285 ἤρξαντο
1563 1208 1606 1266 ἐπὶ
1627 1209 1722 1267 πλεῖον
1743 1212 1797 1268 ἀπό

73 1302 204 1359 obscura
218 1298 341 1353 loceme
353 1296 507 1361 ducerent,
532 1294 630 1351 subite
647 1294 774 1366 pulchre
789 1298 913 1357 visionis
971 1299 1056 1372 χαρᾶς
1072 1294 1187 1364 κλαίειν,
1203 1297 1248 1351 καί
1258 1301 1354 1352 τοῦτον
1371 1296 1519 1374 ἐπερωτᾷν,
1530 1299 1561 1354 τὸ
1575 1304 1629 1354 ποῦ
1639 1300 1727 1370 ἦνκαὶ
1738 1306 1797 1366 πῶς

72 1384 621 1464 (δ)]υνσυίσουιοα1ἰίευοὺἱεευυίὶὑυε
632 1385 912 1456 οὑνὶιιιιιίοτιυισεί,
969 1386 1132 1460 ὑπέστρεψεν
1146 1405 1153 1456 ;
1169 1385 1258 1447 Αὐτὸς
1275 1383 1303 1441 e
1317 1388 1474 1463 ἀποκριθεὶς
1490 1387 1575 1444 εἶπεν·
1602 1386 1714 1467 Ἄνδρες
1726 1391 1798 1456 τινες

74 1480 125 1552 qni
141 1494 190 1535 me
207 1476 395 1534 trahentibus
410 1474 506 1531 dixit:
521 1473 661 1531 Redueita
676 1474 849 1550 iilum‚quia
866 1478 914 1535 Se·
969 1468 1082 1549 aedepol
1099 1471 1203 1550 σφόδρα
1217 1475 1296 1545 ἦσαν,
1308 1472 1338 1528 σί
1352 1474 1424 1538 τινές
1436 1497 1469 1549 με
1479 1472 1645 1551 πσρὲλαύον,
1659 1478 1696 1533 ῶν
1706 1476 1735 1533 ἐκ
1744 1482 1793 1535 τοῦ

72 1564 912 1641 veruspresbyterplnngit,ajusenimlaerymieDominus
969 1565 1105 1637 στόματος
1120 1583 1164 1618 και
1180 1584 1235 1618 των
1251 1585 1331 1638 ρινων
1346 1568 1399 1642 πῦρ
1417 1563 1558 1641 ἐξήρχετο,
1575 1565 1638 1642 ὑρερ
1651 1566 1794 1645 ὑποφέρειν

76 1674 146 1716 snm
162 1656 294 1713 donavit.
305 1653 360 1720 Qui
380 1653 494 1711 scilieet
508 1654 633 1710 Severus
644 1655 779 1726 protinus
789 1656 825 1713 de
837 1664 913 1713 terre
970 1650 1020 1709 οὐκ
1029 1651 1294 1727 ἠδυνάμην.Ἐνόσῳ
1306 1651 1333 1709 δὲ
1346 1652 1390 1709 διὰ
1401 1659 1544 1711 σκοτεινῶν
1557 1655 1649 1711 τόπων
1661 1644 1795 1734 μεπεριῆ-

77 1747 216 1814 snrrexit,
234 1745 320 1816 eique
331 1743 534 1817 peonitentiam
546 1743 643 1816 agenti
659 1760 744 1818 opem
760 1745 916 1803 sueinter·
929 1767 953 1834 ρ
968 1743 1104 1823 eatque
1114 1740 1460 1817 νεαιίσκοτπόνυεύοπτος,
1478 1745 1544 1818 μετὰ
1555 1745 1601 1799 καὶ
1612 1739 1744 1819 triennit
1754 1747 1795 1820 (ά)

78 1838 222 1897 cessionis
238 1834 374 1908 praebuit.
390 1833 426 1889 nt
441 1833 513 1889 dum
529 1848 581 1906 pet·
592 1832 655 1890 dies
672 1839 784 1906 septem
802 1836 838 1893 de
849 1853 914 1910 per·
968 1833 1118 1903 ἀπαντήσει
1137 1833 1205 1904 ἡμῖν
1222 1831 1325 1909 γέγονε,
1344 1828 1389 1889 att
1406 1834 1474 1911 πρὸς
1489 1834 1554 1897 τούς
1566 1833 1696 1910 σύροντιίς
1713 1856 1747 1910 με
1757 1835 1795 1891 εί·

80 1925 206 2001 petratis
216 1922 310 1996 culpis
325 1921 527 1994 poenitentinut
547 1938 623 1995 teger
638 1923 784 1982 redivivus
803 1931 911 1997 egeret,
967 1921 1350 1999 πεν·’1’ποστρε’ψατταύτὺν,
1373 1926 1415 1981 ότι
1441 1933 1564 2001 Σευῆρος
1580 1928 1594 1983 ὁ
1610 1924 1794 2005 πρεσύύτερος

81 2026 184 2076 octava
199 2016 246 2071 die
258 2013 343 2070 intus
355 2014 392 2069 de
407 2012 631 2083 corporeexivit.
648 2012 808 2088 Perpende‚
819 2016 912 2086 Petne,
965 2014 1056 2072 κλαίει
1072 2017 1135 2091 περὶ
1150 2015 1243 2076 αὐτοῦ.
1260 2020 1327 2074 Τοῖς
1343 2019 1395 2095 γὰρ
1412 2016 1515 2075 ἐκείνου
1531 2017 1659 2095 δάκρυσιν
1674 2022 1794 2097 ὁκύριος

82 2122 196 2181 queso,
213 2104 294 2160 hune
305 2104 342 2158 de
353 2118 411 2175 quo
423 2101 572 2173 loquimur
582 2105 731 2172 Severum,
743 2119 831 2175 quam
843 2105 914 2161 diie-
966 2106 1048 2162 αὐτὸν
1064 2103 1232 2183 ἐδωρήσατο.
1247 2109 1276 2164 ‘O
1292 2104 1321 2162 u
1340 2107 1421 2170 αὐτὸς
1436 2112 1557 2185 Σευῆρος
1573 2106 1794 2185 ὁπρεσὸύττρος,

80 2201 162 2255 ntum
178 2194 325 2253 Dominus
340 2190 475 2262 attendit,
492 2207 581 2265 quem
604 2192 775 2250 contristari
798 2210 851 2251 nen
875 2197 911 2253 ad
964 2193 995 2251 ὐκ
1008 2203 1059 2267 τῆς
1074 2204 1126 2274 γῆς
1141 2197 1159 2252 d
1172 2198 1283 2268 ναστόις,
1306 2197 1353 2253 καί
1374 2202 1415 2272 τῷ
1430 2204 1489 2272 Θεῷ
1504 2199 1715 2274 εὐχαριστήσας,
1729 2204 1788 2262 τοῖς

81 2285 236 2345 modicum
252 2281 382 2357 pertulit.
964 2286 1028 2363 περὶ
1045 2287 1188 2360 μετανοίας
1205 2287 1300 2365 λόγοις
1315 2291 1411 2344 τοῦτον
1427 2290 1602 2360 νουθετήσας,
1617 2289 1663 2343 καὶ
1679 2286 1724 2344 διὰ
1736 2293 1788 2358 τῆς

81 2373 166 2429 αὐτοῦ
182 2372 270 2447 εὐχῆς
286 2368 406 2444 ἱλασμὸν
421 2371 475 2424 τῶν
492 2368 633 2447 ἁμαρτιῶν
649 2371 663 2426 ό
679 2371 793 2442 ἀσθενὴς
807 2371 991 2448 κομισάμενος
1006 2369 1128 2448 {estare
1143 2376 1249 2450 ήμέραν
1265 2373 1291 2430 ἐν
1305 2377 1347 2450 ,τῇ
1376 2380 1435 2450 ζωῇ
1451 2376 1535 2450 ταύτῃ
1554 2374 1725 2452 ὑποστρέψας
1743 2397 1793 2432 πε·

79 2462 192 2533 stetque,
209 2459 272 2537 περὶ
288 2462 342 2515 τῶν
359 2456 433 2532 αὐτῷ
445 2460 643 2536 πεπραγμένων
662 2458 803 2535 μετάνοιαν
819 2460 902 2539 όίγων.
923 2465 962 2538 Τῇ
978 2461 1006 2519 tt
1021 2462 1104 2542 ὀγδόῃ
1120 2467 1211 2540 ἡμέρᾳ
1226 2465 1448 2544 εὐφραινόμενος,
1465 2466 1533 2540 πρὸς
1547 2466 1640 2539 κύριον
1657 2462 1794 2538 ἐξεδήμη-

80 2574 136 2610 σεν.
153 2551 328 2622 Κατανόησον
343 2548 389 2606 οὑν
405 2547 433 2604 te
448 2549 514 2622 ποίφ
527 2549 664 2627 ἇγαπήσει
680 2551 695 2606 ὑ
710 2551 804 2626 κύριος
820 2558 942 2627 Σευῆρον
956 2554 1002 2612 τόν
1019 2550 1201 2630 πρεσύύτερον
1227 2558 1312 2632 εἶχεν,
1338 2556 1367 2610 όν
1391 2552 1453 2611 οὐδὲ
1477 2555 1546 2632 πρὸς
1568 2552 1640 2629 ὥραν
1665 2548 1793 2622 θλιύῆναι

78 2642 227 2718 denqiue.
671 2681 673 2686 -

113 2737 204 2795 nm.
220 2734 403 2791 Admiranda
419 2736 489 2790 sunt
501 2733 585 2792 valde
599 2734 672 2804 hee,
684 2751 746 2808 que
765 2751 813 2793 me
832 2735 906 2794 2οδ
1000 2738 1102 2796 nure.
1125 2737 1231 2800 Ὄντως
1249 2735 1390 2811 θαυμαστά
1409 2736 1460 2792 τὶσι
1481 2731 1596 2817 σφόδρα,
1617 2733 1685 2811 άπερ
1707 2735 1791 2811 μέχρι

78 2828 197 2886 invenie
211 2841 291 2881 nnnc
308 2840 400 2896 nsque
410 2822 543 2880 latuisse.
560 2823 616 2881 Sed
627 2825 701 2897 qnid
711 2841 776 2883 ease
786 2825 910 2884 dicimus
964 2829 1013 2884 τοῦ
1029 2828 1256 2902 mitandans<
1279 2827 1330 2897 τὴν
1350 2824 1419 2901 ἐμὴν
1439 2823 1610 2882 διελάνθανεν
1630 2822 1745 2896 σ’ἰδησιν·
1764 2827 1793 2882 τί

81 2917 160 2992 qnod
176 2917 263 2973 modo
279 2913 351 2972 teies
364 2912 420 2970 uiri
435 2918 583 2986 nequeunt
597 2913 731 2972 inveniri.
966 2912 997 2970 δὲ
1018 2920 1099 2972 τοῦτο
1116 2915 1184 2972 εἶναι
1209 2914 1341 2994 λὲγομεν,
1365 2915 1405 2970 ότι
1433 2918 1554 2971 τοιοῦτοι
1579 2911 1673 2990 ἅνδρες
1697 2912 1792 2990 ἀρτίας

968 3004 1111 3080 εὑρεθῆναι
1127 3005 1159 3060 οὐ
1176 3002 1316 3072 δύνανται,

119 3098 250 3152 Gaenoa.
267 3094 338 3168 Ege,
354 3096 448 3161 Patre,
468 3093 577 3151 multos
601 3093 675 3151 talea
697 3094 728 3150 in
741 3093 913 3153 hoesaeeule
932 3117 955 3183 c
1005 3094 1103 3151 ΓΡΗΓ.
1122 3094 1206 3169 Ἐγὼ,
1224 3091 1317 3167 Πέτρε,
1333 3091 1458 3156 πολλούς
1472 3094 1616 3156 τοιούτους
1632 3091 1728 3169 ἄνδρας
1748 3092 1794 3150 καὶ

84 3200 139 3242 nee
153 3184 241 3242 modo
257 3183 356 3241 deesse
371 3182 643 3256 existimesneque
662 3183 741 3241 enim
756 3183 862 3241 uitalia
877 3184 913 3239 si·
969 3184 1015 3236 νῦν
1031 3179 1105 3254 ἐντῷ
1120 3181 1216 3254 κόσμῳ
1232 3180 1321 3253 τούτῳ
1335 3180 1403 3236 εἶναι
1418 3180 1467 3236 οὐκ
1479 3180 1597 3252 ἀπιστῶ·
1611 3179 1673 3235 οὐδὲ
1687 3178 1794 3256 γὰρίὺν
1910 3230 1913 3235 .

86 3292 145 3350 gna
162 3291 222 3332 non
237 3273 360 3341 iaciunt,
375 3273 441 3329 ideo
452 3271 593 3330 ettennon
604 3277 684 3331 sunt.
702 3273 772 3331 vitae
784 3288 912 3347 namque
968 3277 1069 3345 σημεῖα
1083 3274 1196 3326 τοιαῦτα
1211 3269 1243 3325 οὐ
1256 3273 1365 3326 ποιοῦσι
1380 3274 1439 3339 νῦν,
1450 3272 1485 3343 (ι’)
1501 3269 1532 3324 οὐ
1548 3268 1622 3344 παρὰ
1635 3269 1733 3323 τούτου
1752 3270 1792 3341 μή

85 3379 153 3421 vers
168 3362 325 3421 aestimatio
336 3363 365 3418 in
376 3360 481 3418 virtute
491 3365 537 3418 est
549 3378 681 3435 operum,
697 3377 756 3420 nou
772 3363 801 3420 in
817 3368 912 3420 osten·
966 3360 1034 3417 εἶναι
1054 3359 1151 3425 αὐτούς
1165 3360 1307 3424 τοιούτους
1327 3358 1555 3430 ἂπιστηθήσεται.
1579 3355 1725 3420 Πολιτείας
1745 3355 1790 3413 οὑν

87 3452 168 3511 siena
183 3450 440 3526 signorum-Nam
452 3454 522 3507 sunt
533 3450 676 3524 plerique,
693 3453 744 3524 qui
759 3451 813 3508 etsi
829 3453 913 3526 signa
966 3446 1060 3506 ίνδὲου
1076 3447 1219 3526 διάγνωσις
1235 3447 1263 3506 δν
1284 3452 1319 3523 τῇ
1338 3451 1392 3504 τῶν
1411 3445 1500 3523 ἔργων
1523 3447 1640 3522 ὑπάρχει
1667 3443 1791 3518 δυνάμει,

84 3560 143 3604 non
156 3544 281 3615 iaciunt,
297 3542 380 3614 signa
395 3547 493 3599 tamen
508 3541 684 3602 iacientibus
707 3543 840 3618 dispares
852 3559 912 3603 nen
965 3541 1011 3595 καὶ
1027 3538 1091 3616 οὐχὶ
1107 3537 1133 3595 ἐν
1154 3542 1189 3614 τῇ
1205 3538 1326 3612 σημείων
1346 3534 1491 3611 tudetem
1508 3536 1561 3593 τίσι
1581 3537 1633 3614 γὰρ
1652 3536 1790 3604 πλεῖστοι,

85 3639 162 3692 sunt.
967 3627 1064 3693 α’ίτινες
1090 3635 1192 3704 σημεῖα
1221 3629 1268 3704 μὲν
1292 3629 1327 3685 οὐ
1348 3631 1470 3699 ποιοῦσι,
1496 3630 1551 3683 τῶν
1576 3623 1604 3683 δὲ
1629 3624 1663 3683 τὰ
1689 3628 1792 3701 σημεῖα

966 3719 1120 3776 ποιούντων
1136 3714 1262 3793 ἀνόμοιοι
1283 3720 1334 3774 οὐκ
1347 3717 1409 3775 εἶσί.

119 3815 211 3874 Perre.
222 3813 307 3872 Unde
321 3812 405 3884 mihi,
419 3828 501 3888 rogo,
519 3814 635 3872 ostendi
646 3818 750 3889 potest,
766 3815 915 3888 quodsint
1004 3811 1107 3868 ΠΕΤΡ·
1129 3809 1214 3865 Πόθεν
1232 3830 1291 3884 μοι,
1316 3805 1482 3885 παρακαλῶ,
1506 3809 1589 3861 τοῦτο
1610 3801 1802 3879 ἐπιδειχθῆναι

89 3905 212 3981 quidam
229 3903 280 3976 qui
295 3903 381 3979 signa
395 3920 454 3961 nen
468 3902 588 3972 saniant,
604 3908 633 3962 et
656 3910 754 3963 minen
769 3905 853 3978 signa
872 3906 914 3965 ia·
970 3902 1092 3974 δύναται,
1107 3902 1150 3958 δτι
1175 3899 1227 3956 τίτί
1244 3920 1317 3962 τινες
1343 3901 1370 3954 οἱ
1392 3900 1430 3972 μή
1453 3900 1595 3961 ποιοῦντες
1616 3899 1728 3970 σημεῖα,
1750 3894 1797 3951 καὶ

90 3995 239 4053 cientibus
250 3993 412 4052 dissimiles
422 4010 481 4053 non
492 3998 562 4051 sunt
575 3994 590 4050 i
969 3996 1024 4050 τῶν
1038 3991 1072 4048 τὰ
1085 3996 1186 4066 σημεῖ’
1201 3991 1356 4046 ποιούντων
1373 3988 1499 4061 ἀνόμοιοι
1516 3988 1567 4044 οὐκ
1580 3986 1631 4043 εἰσὶ
1647 4002 1655 4054 ;

124 4088 259 4146 (inmun.
283 4085 506 4157 Numquidnam
536 4085 784 4158 neeuisquoniam
809 4088 917 4146 Paulus
1006 4088 1105 4141 ΓΡΗΓ.
1119 4081 1168 4154 Μή
1184 4082 1227 4137 τοί
1242 4101 1274 4159 χε
1289 4079 1320 4135 οὐ
1338 4080 1496 4159 γινώσκεις,
1508 4076 1550 4134 ότι
1565 4073 1805 4139 Παῦλοςόόπόσ-
1915 4088 1918 4093 ’

92 4177 247 4252 apostotus
261 4175 345 4232 Petro
358 4173 558 4248 apestolorum
579 4175 675 4248 primo
699 4176 730 4233 ia
753 4175 917 4250 principatu
970 4171 1053 4236 τολος
1069 4171 1187 4252 ἀδελφὸς
1204 4170 1324 4248 ὑπάρχει
1341 4168 1367 4226 ἐν
1383 4173 1418 4244 τῇ
1434 4168 1574 4243 δποστόλῃ
1592 4169 1695 4246 Πέτρου
1711 4168 1807 4242 (ρ’)τοῦ

93 4266 260 4343 Ιρυσίοίὶου
272 4265 363 4323 trater
377 4264 449 4322 esti
972 4260 1122 4340 κορυφαίου
1136 4265 1191 4317 τῶν
1206 4258 1367 4317 ἀποστόλων
1382 4286 1390 4331 ;

129 4356 218 4415 Peru.
234 4354 301 4413 Seio
316 4353 414 4426 plane,
429 4366 482 4410 neu
496 4352 616 4411 dubium
627 4359 672 4413 est
687 4354 755 4427 quia
768 4354 821 4412 etsi
836 4354 919 4414 mini·
1008 4353 1112 4411 HETP.
1128 4350 1273 4431 Ἀσφαλῶς
1290 4347 1362 4417 οῖδα,
1377 4350 1415 4424 (λ)
1429 4350 1475 4405 καὶ
1491 4346 1643 4424 δισταγμὸς
1659 4345 1686 4401 ίν
1712 4343 1803 4419 τούτῳ

92 4464 159 4505 mua
174 4444 311 4505 omnium
333 4442 543 4516 apestolorum,
568 4443 635 4518 plus
659 4448 758 4503 tamen
783 4445 921 4503 amnibus
975 4441 1025 4499 οὐκ
1039 4439 1121 4498 ἔστιν·
1136 4438 1200 4497 ἀλλ’
1216 4439 1262 4496 οὖν
1276 4461 1317 4517 γε,
1333 4439 1356 4495 εἰ
1370 4439 1416 4495 καὶ
1438 4439 1600 4514 μικρότερος
1620 4436 1729 4492 πάντων
1746 4439 1801 4491 τῶν

96 4536 252 4596 lsbursvit.
935 4488 958 4555 D
974 4530 1137 4589 demittens
1152 4529 1220 4602 ἐστὶ,
1235 4533 1269 4604 (i)
1287 4528 1377 4586 πλείω
1393 4527 1505 4586 πάντων
1525 4526 1662 4584 ἐκοπίασε.

128 4630 153 4701 (ί
168 4626 232 4686 Cer.
250 4625 306 4697 15.)
321 4624 450 4683 Gurnou.
462 4625 544 4693 Quod
555 4624 629 4683 bene
639 4624 703 4700 ipen
713 4624 920 4698 reminisceris,
1011 4624 1112 4683 ΓΡΗΓ.
1128 4622 1224 4686 Καθὼς
1241 4620 1396 4690 ἐπίστασαι,
1407 4617 1510 4694 Πέτρος
1526 4617 1553 4673 ἰν
1563 4620 1598 4682 τῇ
1609 4613 1733 4689 θαλασσῇ
1746 4620 1807 4678 τοῖς

93 4723 200 4778 neurus
215 4714 563 4790 (cisupermnrepedibus
575 4715 850 4790 ambulavitffluttb.
864 4716 920 4788 ii),
975 4715 1038 4769 ποσὶ
1055 4711 1249 4787 περιεπάτησε,
1268 4707 1375 4771 Παῦλος
1395 4703 1423 4763 δὲ
1443 4707 1468 4762 ἐν
1486 4710 1521 4781 τῇ
1541 4703 1662 4778 θαλάσσῃ
1678 4703 1803 4780 ναυαγίῳ

94 4805 923 4880 Paninainmerinautragiumpertulitffldor.tt):(d)et
975 4802 1143 4878 πτριίπτστν·
1158 4797 1217 4857 tint
1241 4799 1280 4861 τίς
1295 4795 1323 4854 ’ἐν
1345 4796 1391 4853 καὶ
1416 4796 1482 4852 αὐτὸ
1506 4796 1536 4852 τὸ
1561 4798 1713 4870 στοιχεῖον,
1736 4793 1804 4866 άνῷ

95 4899 127 4959 in
143 4911 204 4955 nno
215 4895 376 4968 eodemque
386 4893 528 4954 elemento
540 4894 591 4952 tibi
602 4895 709 4953 Paulus
718 4894 761 4953 ire
773 4910 841 4953 eum
857 4894 923 4953 naui
977 4893 1086 4956 Παῦλος
1094 4888 1234 4966 μετὰπλοί
1238 4911 1269 4946 ου
1275 4894 1438 4965 πορευθῆναι
1446 4882 1807 4960 οὑκήόυνήθη,ίίέτρυςτοῑς

97 5004 158 5047 nnn
170 4986 276 5061 potnit,
287 4984 340 5043 ubi
349 4983 452 5045 Petrus
461 4984 585 5059 pedibus
595 4985 651 5043 iter
662 4985 740 5044 rasit.
752 4986 858 5059 Aperte
869 4984 924 5058 igi·
980 4982 1044 5044 ποσὶ
1051 4985 1101 5054 τὴν
1114 4979 1272 5057 ὁδοιπορίαν
1284 4978 1429 5050 πεποίηκε.
1445 4977 1565 5054 Φανιρδν
1577 4974 1622 5033 οὑν
1632 4974 1806 5049 καθίστηκεν,

148 5261 165 5315 t
193 5256 366 5329 compend„
377 5258 638 5329 juvenisepparait.

144 5348 162 5389 e
188 5328 324 5401 Plerique
337 5344 408 5385 mea.
424 5328 458 5384 in
472 5331 557 5395 mari,
573 5329 618 5385 vel
633 5329 663 5386 ιἰι
678 5345 758 5387 mare
774 5330 835 5403 ped.
1029 5263 1058 5388 ήί
1073 5259 1210 5328 umque·
1225 5251 1357 5310 mim

1049 5334 1056 5404 )
1074 5331 1175 5395 iidem,
1194 5326 1354 5395 ὑπαντήσει.

1325 5395 1332 5416 Ι

134 5186 178 5257 (α)
193 5183 313 5242 Primus
328 5182 447 5253 theod..
462 5184 492 5241 ιἰι
505 5188 613 5243 terram
626 5184 657 5242 ιἰι
670 5184 823 5243 orationem
837 5184 922 5246 dedit.
1016 5188 1053 5549 γρ)
1072 5186 1156 5253 Mea,
1174 5183 1242 5256 μετά
1257 5179 1380 5252 δακρύων
1398 5178 1436 5243 τίς
1450 5179 1500 5250 τήν
1514 5184 1579 5255 γῆν.

135 5404 146 5477 (
191 5401 224 5457 in
239 5399 338 5458 Germ.
353 5404 383 5457 et
396 5400 535 5457 omnibus
546 5402 645 5457 Neam.
661 5400 743 5458 dein
754 5417 819 5459 ano.
837 5402 926 5459 latri·
1028 5408 1048 5475 i)
1064 5404 1134 5475 Reg.
1151 5397 1184 5454 οδ
1198 5398 1271 5474 παρὰ
1286 5417 1350 5452 τοστ
1379 5440 1387 5467 ,
1403 5396 1483 5454 Ceth.
1501 5394 1532 5451 ού
1547 5391 1621 5471 παρὰ
1641 5396 1734 5453 τοῦτο.

96 5472 156 5533 baa
170 5474 322 5557 magam.
333 5473 459 5555 etitegie
469 5470 585 5556 legitur,
596 5471 636 5529 iet
647 5474 762 5545 Ραυίιιε,
778 5478 833 5530 ete.
850 5476 885 5530 At
895 5474 926 5531 ia
1035 5478 1051 5545 ἰ
1066 5476 1136 5545 [teg.
1152 5469 1308 5527 ἀποστόλου
1328 5418 1376 5524 καλ
1387 5486 1486 5544 κορυφ.

97 5546 238 5605 omnibns
248 5544 421 5612 tremate
435 5544 542 5601 Pastas
557 5548 747 5605 ereeemaavi
760 5546 925 5618 nannetes,
1030 5548 1057 5617 tt
1073 5546 1145 5602 Mas.
1161 5544 1205 5600 καὶ
1222 5542 1381 5615 πέπεισμαι,
1397 5540 1442 5597 καὶ
1458 5537 1622 5616 δισταγμδς.

99 5620 156 5689 “b
172 5622 231 5675 0¹⁰·
1032 5621 1052 5695 t)
1069 5618 1140 5693 Reg.
1154 5614 1254 5675 πλεῖον
1269 5613 1386 5671 πάντων.

135 5688 178 5767 (e)
189 5686 283 5760 cett„
291 5684 398 5746 κλαίειν
413 5686 458 5745 καί
476 5683 637 5746 όδύυέσθαι.
