3908 6156
114 286 158 346 25
479 276 650 342 REGULAE
670 274 917 339 rasronttts
937 277 1075 341 LIBER.
1097 310 1136 325 ·-
1156 279 1259 340 PARS
1279 277 1475 343 sentiunt.
1789 281 1830 345 ³6

122 433 195 473 sam
211 416 321 473 Veritas
341 413 520 487 reprobans,
533 414 593 470 ait:
611 411 706 468 Semen
721 417 817 466 autem
831 409 905 482 quod
924 413 953 465 in
968 420 994 487 Α
1011 427 1078 467 cum
1094 411 1227 468 dicebat:
1241 413 1367 469 Teatutr'c
1377 431 1423 471 uos
1433 431 1489 470 uon
1499 415 1699 487 apprehendet,
1711 417 1767 472 uisi
1777 416 1831 473 lu·
1918 472 1921 479 ,

125 506 224 578 spinis
236 504 343 569 cecidit,
357 506 463 559 bisunt
477 503 527 576 qui
540 502 691 559 erudierunt
704 502 828 567 cubum,
839 507 865 555 et
875 501 952 557 osol-
1008 518 1091 556 errario
1105 505 1129 572 (t
1144 504 1206 560 Cor.
1217 522 1244 557 x.
1259 508 1302 574 ta)
1313 521 1363 571 ;ac
1374 506 1397 560 si
1412 514 1511 578 aperte
1522 508 1634 564 diceret
1646 525 1651 562 :
1663 508 1830 564 Hunranum

132 593 326 649 licitudmitms
335 600 361 647 et
370 594 478 647 uiuitur
489 599 515 646 et
527 592 712 661 ertopaeatttus
724 591 788 644 utta
796 588 954 643 euntessct-
1009 590 1130 661 qnidem
1140 599 1184 647 est
1194 595 1389 650 tentationem
1402 595 1432 650 in
1443 597 1531 651 corde
1541 597 1832 668 perpeti,daemonia-

131 687 266 753 sereretur,
283 688 308 737 et
322 699 380 736 nou
390 685 515 751 raserunt
529 683 649 750 [rutrum
661 680 738 752 (teuc.
751 695 809 745 nn,
822 681 874 748 tt).
888 677 953 749 Lip·
1008 696 1075 736 cum
1089 688 1208 736 veroest
1218 683 1428 739 intentationis
1439 686 1600 740 certamine
1610 693 1637 741 et
1648 686 1677 740 in
1688 687 1832 757 operatio·

129 791 184 846 pus
193 788 258 827 rere
268 771 701 843 est,cujusquiderningenium
712 768 955 839 adcognitionem
1008 786 1046 825 ne
1056 772 1199 843 superari.
1211 772 1414 846 impetiginem
1426 791 1542 846 quoque
1555 776 1643 832 habet
1654 777 1683 832 in
1695 793 1830 848 corpore,

125 863 257 917 ueritatis
272 861 392 922 emicat.
406 860 458 916 sed
468 867 566 916 tamen
582 860 638 915 boc
653 858 784 914 carnalia
799 873 889 928 opera
902 854 953 911 oh·
1010 861 1144 931 quisquis
1155 862 1557 919 m'aritiavastaturinmente
1568 866 1681 935 :quasi
1694 867 1723 921 in
1736 867 1831 938 paruis

122 958 258 1007 scurant.
272 951 306 1006 ln
323 951 412 1023 lippis
423 954 532 1021 quippe
547 948 640 1004 oculis
655 947 773 1019 pupilla*
785 963 863 1001 sunau
874 950 953 1012 sunt,
1009 966 1069 1005 non
1083 952 1290 1023 compescitur,
1303 952 1444 1007 nimirum
1456 953 1520 1007 sine
1530 970 1670 1009 mensura
1680 955 1830 1011 dilatatur.

119 1042 175 1096 sed
183 1041 312 1097 humore
319 1041 470 1096 defluente
479 1039 681 1111 (cjirrttrmatae
687 1036 953 1109 palpebrregrosse·
1009 1040 1151 1111 Impetigo
1162 1040 1272 1112 quippe
1284 1042 1349 1096 sine
1358 1041 1459 1097 deterre
1472 1059 1578 1112 corpus
1589 1052 1723 1116 occupat,
1736 1044 1834 1100 etaba-

121 1139 232 1197 scnnt;
248 1148 390 1203 quorum,
405 1129 477 1202 quia
492 1129 640 1185 infusione
656 1127 760 1184 crebro
775 1130 953 1194 atteruntur,
1009 1144 1067 1197 que
1083 1129 1218 1200 occupati
1237 1130 1322 1184 toedio
1339 1145 1513 1185 excrescens
1529 1131 1731 1186 membrorum
1745 1132 1834 1187 deco-

117 1222 215 1277 etiam
228 1220 310 1275 acies
320 1219 441 1292 pupillas
455 1220 584 1275 vitiatur.
600 1220 636 1273 Et
650 1225 720 1273 sunt
734 1214 953 1286 nonnullique·
1008 1231 1072 1270 rem
1081 1216 1180 1286 indat,
1193 1218 1430 1289 quiaetararitia
1439 1219 1515 1290 capti
1525 1219 1737 1275 anirnnmdum
1748 1220 1833 1292 quasi

119 1327 190 1365 rum
206 1326 332 1366 sensum
348 1308 478 1366 carnalis
488 1309 554 1364 vitre
569 1307 701 1379 operatio
714 1307 837 1370 sauciat,
854 1303 954 1376 quiri·
1008 1304 1145 1375 delectat,
1158 1307 1321 1374 exulcerem
1334 1307 1405 1363 dum
1415 1307 1742 1380 adipiscendaquaeque
1753 1309 1831 1378 cogi·

119 1398 286 1454 dererecta
296 1396 666 1471 subtiliterperingenium
676 1398 824 1466 poterant,
835 1391 952 1448 sedusu
1007 1395 1112 1450 talioni
1128 1395 1241 1468 objicit,
1253 1396 1289 1452 ad
1305 1397 1478 1453 inimicitias
1488 1397 1635 1464 accendit,
1652 1403 1680 1453 et
1696 1397 1830 1453 dolorem

119 1503 284 1560 pravorum
294 1492 416 1543 actuum
427 1485 563 1559 caligant.
574 1485 684 1557 Lippus
695 1484 856 1555 itaqneest,
867 1481 952 1552 cujus
1007 1483 1038 1539 in
1053 1482 1174 1540 vulnere
1183 1501 1244 1540 non
1254 1486 1335 1555 iacit,
1347 1486 1417 1557 quia
1430 1487 1564 1542 astuanti
1579 1486 1679 1541 animo
1695 1503 1729 1541 ex
1744 1485 1830 1559 eulpa

121 1592 245 1632 sensum
257 1582 367 1631 natura
378 1575 510 1641 exacuit3
521 1575 571 1630 sed
580 1571 813 1630 conversationis
824 1570 952 1644 pravitas
1006 1571 1221 1629 abundantiam
1233 1575 1282 1629 1³
1293 1575 1450 1648 promittit.
1461 1575 1518 1631 Sed
1528 1575 1618 1630 decor
1626 1575 1827 1630 membrorum

121 1664 291 1721 contundit.
308 1665 361 1719 Cui
377 1664 452 1720 bene
466 1680 520 1735 per
533 1662 673 1736 angelum
688 1661 815 1716 dicitur:
832 1659 952 1730 Cottprio
1006 1661 1134 1733 peditur,
1153 1663 1223 1734 quia
1237 1663 1361 1720 aliarum
1388 1680 1506 1735 quoque
1529 1664 1671 1720 uirtutum
1686 1680 1739 1736 per
1755 1664 1830 1721 hane

120 1755 228 1825 inunge
239 1754 335 1810 oculos
351 1760 457 1810 tuerat
473 1755 565 1810 uidens
579 1755 674 1825 (Aper.
696 1767 737 1817 rn,
755 1749 809 1821 18).
826 1748 951 1821 Collyrio
970 1801 992 1865 B
1007 1751 1196 1823 pulchritudo
1210 1754 1405 1824 depravatum
1423 1759 1452 1810 et
1462 1753 1546 1825 quasi
1558 1758 1652 1809 totum
1672 1770 1779 1825 corpus
1794 1753 1830 1827 (c)

123 1846 233 1916 quippe
251 1842 356 1900 oculos
371 1849 405 1899 ut
415 1844 562 1900 rideamus
577 1841 760 1914 inungimus,
776 1854 844 1893 cum
855 1837 950 1893 adco-
1007 1848 1171 1912 exasperat,
1183 1842 1252 1913 quia
1261 1843 1677 1914 peruniversaritiaunimum
1688 1842 1831 1915 supplan-

119 1928 953 2005 gnoscendamreriluminisclaritatemintellectusnos·
1008 1933 1059 1997 tat,
1076 1930 1167 1986 Paulo
1179 1935 1337 1988 attestante
1353 1932 1403 2004 qui
1419 1933 1478 1987 ait:
1496 1934 1588 1988 llodia
1602 1934 1724 1987 emerium
1743 1933 1830 1988 molo·

119 2024 157 2077 tri
163 2024 261 2079 aciem
272 2021 565 2078 medicamiuebonre
575 2019 758 2092 operationis
766 2017 950 2088 adjuramus.
1006 2035 1067 2074 rum
1078 2026 1116 2074 est
1127 2020 1266 2090 cupiditas
1275 2022 1297 2094 (t
1309 2024 1376 2076 Tim.
1386 2039 1423 2090 rr,
1437 2024 1491 2093 tu).
1501 2022 1689 2077 Ponderosus
1697 2037 1764 2076 vero
1774 2026 1831 2090 est,

119 2112 302 2184 albuginem
313 2127 381 2167 vero
393 2111 522 2167 babetin
533 2109 630 2175 oculo,
646 2108 697 2181 qui
713 2106 842 2162 veritatis
855 2105 951 2162 lucem
1007 2108 1057 2179 qui
1073 2109 1287 2180 turpitudinem
1303 2128 1363 2167 non
1375 2117 1491 2167 exercet
1505 2128 1605 2183 opere,
1617 2111 1669 2166 sed
1683 2111 1830 2167 tamenab

118 2202 222 2257 ridere
237 2218 300 2257 non
316 2201 437 2266 sinitur,
454 2201 523 2272 quia
539 2197 707 2273 arrogantia
724 2196 880 2269 sapientior
899 2210 952 2250 seu
1006 2198 1062 2253 bac
1072 2199 1250 2271 cogitatione
1261 2201 1830 2272 continuaeinemoderarninegravatur

115 2291 248 2363 justitian
260 2296 400 2347 cecatur.
412 2290 530 2362 Pupilla
539 2304 669 2360 namque
678 2286 755 2343 oculi
766 2286 852 2358 nigra
861 2284 950 2351 videt,
1006 2287 1037 2342 in
1053 2293 1171 2356 mente;
1187 2289 1238 2360 qui
1251 2305 1440 2361 nequaquam
1456 2290 1576 2360 quidem
1592 2305 1685 2359 usque
1703 2288 1739 2343 ad
1755 2305 1830 2361 opus

118 2381 296 2453 albuginem
308 2380 439 2437 tolerans
450 2379 493 2436 nil
508 2378 597 2448 videt,
608 2378 679 2450 quia
693 2374 831 2432 videlicet
845 2390 951 2431 sensus
1007 2376 1377 2450 netariumrapiditur,sed
1388 2378 1732 2450 ejusanimusroluptate
1744 2378 1829 2434 luxu·

119 2471 264 2527 bumaura
276 2470 464 2544 cogitationis
480 2470 505 2525 si
520 2468 642 2525 stultum
657 2483 688 2523 se
704 2471 950 2539 peccatoremque
1005 2465 1057 2521 rira
1073 2466 1137 2522 sine
1153 2466 1213 2523 ullo
1230 2468 1270 2540 (d)
1286 2467 1509 2541 repugnationis
1519 2466 1639 2523 stimulo
1655 2466 1828 2523 delectatur.

117 2559 276 2633 intelligit,
288 2559 489 2633 cognitionem
501 2557 614 2614 intimae
629 2555 773 2613 claritatis
784 2551 950 2626 apprehen·
1005 2555 1439 2631 Vitiumquippeestponderis,
1449 2558 1779 2614 cumbumorviscerum
1790 2556 1827 2612 ad

118 2650 173 2706 dit.
187 2651 218 2705 Si
233 2655 336 2707 autern
351 2650 511 2707 candorem
522 2648 579 2704 sibi
588 2646 712 2720 justitia
728 2661 782 2701 seu
796 2641 950 2716 sapientia
1005 2644 1517 2719 virilialabitur,quraproiectocum
1532 2646 1827 2703 molestiadedecoris

116 2736 237 2803 tribuit,
248 2738 341 2794 aluce
349 2754 381 2794 se
390 2737 571 2810 supernam
579 2733 758 2809 cognitionis
768 2731 950 2799 excludunt
1005 2733 1218 2793 intumescunt.
1230 2736 1417 2794 Ponderosus
1429 2753 1497 2810 ergo
1509 2743 1564 2802 est,
1576 2737 1627 2808 qui
1637 2737 1706 2792 totis
1717 2736 1827 2808 cogita·

114 2843 148 2882 eo
160 2826 726 2898 claritatemreriluminisnequaquam
735 2825 949 2896 penetratque
1004 2822 1136 2879 tionibus
1148 2826 1243 2881 uad
1255 2826 1404 2881 lasciviam
1414 2825 1559 2894 detinens,
1571 2824 1686 2898 pondus
1699 2824 1826 2897 turpitu-

113 2934 145 2973 sa
155 2917 239 2989 apud
248 2934 280 2973 se
290 2933 345 2990 per
353 2918 552 2989 arrogantiam
561 2914 686 2983 exaltm
696 2913 774 2970 sicut
782 2912 818 2968 de
826 2910 948 2982 quibus·
1004 2911 1083 2969 dinis
1093 2920 1187 2987 gestat
1197 2915 1369 2988 (elincorde
1378 2934 1386 2985 ;
1396 2917 1660 2987 etquamrisprara
1674 2932 1733 2969 non
1745 2930 1827 2969 exer·

115 3005 464 3063 damdicitur21>iceutea
474 3007 547 3061 euim
558 3022 585 3062 se
594 2997 949 3074 asurapieuterstuttisoc-
1004 3008 1070 3061 ceat
1084 3021 1183 3078 opere,
1195 3007 1231 3062 ab
1247 3007 1294 3064 bis
1310 3013 1409 3064 tamen
1419 3024 1479 3062 non
1495 3007 1632 3062 evellitur
1646 3011 1756 3062 mente.
1768 3006 1826 3061 Nec

120 3095 144 3150 u'
153 3103 220 3151 suut
232 3095 325 3167 (Rom.
341 3111 362 3164 r,
377 3094 434 3168 22).
445 3097 547 3169 tugem
563 3109 631 3151 vero
646 3091 736 3149 hobel
749 3090 892 3156 scabiem,
901 3086 948 3142 elli
1004 3092 1041 3149 ad
1052 3110 1139 3150 usum
1151 3095 1220 3151 boni
1232 3098 1330 3168 operis
1342 3098 1373 3152 in
1383 3102 1485 3169 aperto
1497 3097 1744 3168 raletassurgere‚
1755 3094 1827 3165 quia

119 3186 220 3240 earnis
229 3184 641 3256 petulantiasinecessetione
652 3182 832 3238 dominatur.
843 3181 876 3234 tn
884 3191 948 3232 sca·
968 3151 990 3217 c
1004 3188 1103 3253 gravat
1118 3182 1197 3238 trnnc
1210 3184 1240 3238 in
1250 3184 1360 3239 abditis
1370 3184 1487 3255 pondus
1500 3189 1594 3256 turpe.
1607 3183 1746 3253 Quisquis
1758 3197 1826 3254 ergo

122 3274 171 3330 bie
186 3275 301 3332 etenim
317 3275 566 3331 terrorriscerum
581 3273 619 3329 ad
633 3279 731 3329 cutem
747 3269 883 3331 trahitur,
895 3281 949 3339 per
1004 3269 1138 3341 quolibet
1159 3272 1265 3326 horum
1281 3271 1351 3326 vitio
1368 3276 1402 3342 (0
1419 3272 1574 3343 subigitur.
1591 3286 1685 3342 panes
1701 3269 1826 3325 Domino

122 3381 213 3439 qnam
222 3370 306 3421 recte
315 3364 433 3421 luxuria
440 3364 623 3436 designatur,
634 3362 704 3434 quia
712 3361 737 3417 si
748 3359 846 3416 cordis
857 3360 949 3413 tenta·
1009 3360 1115 3415 offerre
1130 3360 1315 3433 prohibetur,
1326 3377 1363 3416 ne
1374 3361 1506 3433 protecto
1517 3358 1630 3414 diluere
1645 3357 1743 3413 aliena
1753 3356 1829 3412 deii-

117 3455 161 3510 tio
176 3452 326 3527 usquead
338 3453 543 3527 operationem
557 3451 688 3525 prosilit,
703 3448 847 3505 nimirum
858 3447 955 3503 ferror
1008 3453 1056 3505 cta
1066 3465 1125 3505 non
1137 3450 1232 3506 valeat
1242 3450 1268 3505 is
1278 3467 1367 3522 quem
1378 3449 1475 3505 adhuc
1485 3447 1606 3522 propria
1615 3448 1654 3518 (pi
1665 3445 1828 3502 devastant.

118 3544 250 3599 intimus
260 3559 357 3615 usque
368 3542 406 3599 ad
416 3543 493 3599 cutia
503 3541 633 3598 scabiem
644 3537 811 3613 prorumpit
822 3555 829 3604 ;
841 3542 871 3592 et
880 3535 953 3595 toris
1007 3538 1082 3604 Quia
1095 3539 1184 3611 igitur
1193 3540 1295 3611 paucis
1305 3539 1342 3595 nd
1352 3537 1497 3612 pastorale
1509 3536 1710 3610 magisterium
1723 3534 1829 3608 dignus

118 3633 181 3705 jam
194 3648 309 3705 corpus
319 3632 442 3700 sauciat,
454 3631 525 3705 qaia
538 3631 608 3687 dum
620 3631 650 3686 in
662 3629 841 3702 cogitatione
852 3626 954 3698 volup·
1008 3627 1137 3699 qualiter
1152 3628 1261 3695 veniat,
1277 3632 1367 3699 atque
1380 3627 1436 3683 hoc
1449 3627 1587 3698 indignus
1598 3623 1726 3696 qualiter
1740 3622 1831 3695 perti·

122 3726 240 3777 tasnon
248 3719 433 3791 reprimitur,
441 3718 690 3776 etiaminactione
697 3715 953 3779 dominaturoua-
1008 3723 1121 3772 mescat
1136 3717 1421 3785 ostendimus,nunc
1432 3716 1458 3771 is
1469 3716 1519 3788 qui
1529 3715 1566 3771 ad
1577 3714 1652 3770 illud
1665 3714 1751 3785 digne
1762 3729 1830 3785 per·

122 3804 952 3882 sienimcutispruriginemPauluscurabatabstergere,
1008 3808 1132 3877 venerit,
1141 3808 1171 3863 in
1183 3806 1570 3880 eoqueliterriveredebeat
1579 3805 1829 3860 demonstremus.

157 3956 198 4025 (a)
216 3953 270 4009 llic
285 3952 317 4006 in
332 3953 399 4008 tiss.
413 3951 634 4008 mirararietas.
645 3952 677 4007 ln
688 3948 791 4014 Laud,
803 3947 954 4021 infirmito—
1043 3950 1074 4021 (d
1087 3949 1175 4007 Editi.
1191 3950 1402 4020 repugnationis
1423 3948 1579 4013 obstaculo;
1595 3946 1674 4018 quod
1690 3945 1719 3998 in
1739 3942 1832 4000 nullis

120 4032 161 4081 tes
172 4025 331 4097 palpebra.
344 4025 376 4080 ln
391 4023 481 4080 duob.
492 4041 536 4096 pr.
549 4024 674 4091 demet,
686 4021 952 4092 iuprmuntipolpe·
1008 4039 1024 4079 e
1040 4023 1151 4078 nostris
1166 4023 1233 4076 ltss.
1248 4020 1366 4093 legitur.

117 4099 181 4152 bru.
200 4097 237 4152 ln
251 4096 351 4162 Cerb,
369 4095 491 4164 Bellon,
501 4096 620 4150 Carnot.
635 4097 663 4153 2.
674 4093 763 4149 duob.
775 4092 896 4159 theod„
909 4096 953 4149 iu·
1044 4093 1079 4165 (a)
1095 4095 1213 4149 Carnot.
1231 4094 1344 4164 primus
1359 4096 1390 4148 et
1404 4090 1550 4146 secundus
1564 4088 1652 4151 dud..
1663 4087 1693 4143 iu
1708 4102 1830 4157 corpere.

114 4173 268 4240 firmarum
279 4167 433 4239 palpebra.
445 4168 479 4223 ln
493 4167 586 4239 priori
595 4166 682 4222 Cara.
695 4170 725 4220 et
739 4164 814 4222 dud.
832 4169 856 4221 l.
874 4166 953 4237 infir·
1042 4169 1078 4234 (s)
1094 4166 1212 4221 Carnot.
1230 4165 1354 4237 primus.
1381 4164 1573 4234 subjungitur.
1597 4160 1706 4215 Bellov.
1723 4157 1830 4230 etalii,

115 4248 237 4297 nuntia
249 4238 397 4311 palpebra.
1006 4238 1156 4307 subigitur.

156 4314 196 4383 (b)
214 4311 449 4379 Gemetieenses,
464 4310 649 4382 captationis.
1042 4314 1081 4381 (pt
1096 4308 1149 4365 Hie
1164 4305 1326 4363 absolvitur
1340 4310 1429 4379 caput
1448 4305 1479 4360 in
1494 4303 1615 4377 Longip·

154 4388 193 4451 (ci
211 4382 317 4451 land„
332 4384 482 4440 enutcnnt.

127 4474 1825 4507 wm—

648 4576 1032 4684 sncurrna
1074 4574 1314 4679 naas.
1372 4726 1375 4731 γ

745 4723 796 4785 DE
817 4720 865 4803 (a)
889 4722 985 4783 VITA
1006 4721 1209 4784 rtsrottts.

316 4916 434 4977 CAPUT
452 4918 591 4977 ruttttut
610 4918 668 4993 [At.
683 4917 757 4989 thl.
970 4910 1142 4983 Dpestoris.
1159 4911 1281 4984 Oportet
1303 4924 1434 4981 namque
1448 4912 1482 4965 ut
1496 4905 1595 4963 metiri
1620 4904 1748 4962 sollicite
1763 4909 1828 4963 stu-

114 5015 146 5070 11
160 5009 219 5083 qui
233 5010 274 5066 ad
288 5011 408 5078 regimen
423 5010 552 5066 ordinate
567 5008 736 5081 peruenerit,
751 5008 862 5081 quatem
881 5022 910 5064 re
923 5005 955 5063 in
1010 5000 1079 5056 deat
1089 5006 1200 5072 quanta
1210 4999 1346 5057 tenenda
1358 4997 1547 5054 rectitudinis
1557 4994 1734 5052 necessitate
1745 5010 1831 5052 cous·

308 5084 367 5153 ’Ῥω
381 5084 515 5153 “dimin
527 5082 625 5138 &⁶⁶⁰3
636 5081 776 5138 ΗΜΘΝ·
1010 5090 1159 5160 tringitnr.
1177 5089 1230 5146 sub
1244 5091 1330 5160 cujus
1346 5087 1542 5143 estimatione
1559 5084 1686 5158 populus
1701 5100 1771 5157 grex
1786 5099 1833 5140 ro·

154 5181 955 5258 Tantumdebetactionempopuliactiotranscende·
1009 5185 1103 5236 catur.
1121 5179 1247 5251 sicergo
1276 5192 1398 5233 necesse
1413 5180 1459 5231 est
1482 5175 1660 5249 cogitatione
1690 5172 1830 5240 mundus,

115 5290 151 5330 re
178 5269 332 5346 praesulis,
356 5277 502 5347 wantum
526 5272 637 5332 distare
661 5271 871 5347 seletagrege
893 5270 954 5330 vita
1008 5269 1123 5326 actione
1147 5266 1325 5341 praecipuus,
1342 5265 1489 5323 discretus
1503 5265 1535 5323 in
1558 5263 1690 5331 silentio,
1705 5261 1785 5318 utilis
1801 5261 1832 5317 in

152 5416 199 5485 (a)
214 5411 336 5470 Titulus
350 5413 400 5470 bic
414 5415 444 5471 in
459 5416 593 5488 antiquis
608 5417 675 5473 tiss.
692 5432 752 5473 non
766 5415 882 5489 legitur,
893 5416 952 5473 nisi
1007 5431 1025 5470 a
1040 5418 1141 5470 sancto
1154 5413 1278 5468 Doctore
1302 5410 1473 5483 proposita,
1496 5424 1563 5463 cunr
1589 5405 1746 5462 conveniat
1768 5405 1833 5462 brac

113 5484 286 5546 recentiori
303 5500 395 5541 manu
414 5486 561 5558 addictus,
577 5494 611 5545 ut
625 5489 741 5545 ridetur
756 5488 786 5543 in
806 5490 823 5542 2
838 5488 950 5545 Gemet.
1007 5485 1172 5557 inscriptio,
1189 5489 1222 5538 ut
1237 5488 1316 5556 patet
1332 5499 1366 5538 ex
1388 5478 1591 5553 superioribus
1614 5477 1709 5534 verbis
1724 5476 1833 5549 quibus

114 5556 276 5616 continno
285 5571 356 5639 crgo
364 5558 442 5614 serie
451 5558 482 5615 in
495 5576 588 5616 manu
602 5559 876 5631 exaratiseequitnr
884 5576 948 5633 cap.
1006 5574 1069 5633 cap.
1086 5561 1115 5615 lt
1145 5555 1316 5624 absolvitur,
1332 5569 1398 5611 eam
1411 5550 1597 5609 retinendam
1611 5549 1759 5607 duximus.

118 5636 163 5690 t2.
183 5632 220 5689 tn
236 5626 361 5704 Lnngtp.
379 5635 424 5688 eet
437 5636 554 5692 tantum
569 5648 633 5707 cap.
650 5634 675 5689 t.
692 5629 835 5691 Divisioni
849 5637 951 5692 umen
