3908 6156
137 268 197 329 'tet
463 263 735 326 sustentauit
759 265 832 327 ata.
855 264 890 325 V.
913 296 952 310 -
974 263 1114 327 tantur.
1136 265 1217 326 ΧΙΙΙ.
1242 298 1280 309 -
1301 265 1425 328 tersa.
1450 269 1529 329 Llll.
1792 276 1852 341 tila

137 399 219 457 circo
235 396 307 470 quid
323 397 358 454 de
372 396 415 452 eis
425 395 582 451 tenendum
597 397 832 469 servandumque
847 396 886 454 sit
896 413 971 469 pres·
984 397 1011 464 Α
1027 400 1094 467 ptus
1106 395 1212 453 Paulas
1224 397 1364 454 diaconus
1375 400 1506 457 multane
1516 402 1549 474 (l)
1559 420 1609 474 pre
1619 403 1850 466 utilitatolicclc·

140 489 220 546 senti
236 485 357 557 epistola
373 485 489 556 signare
505 484 715 556 perspeximus.
1028 487 1078 543 sie
1091 492 1191 543 vestras
1203 490 1537 561 memeratexpendisse,
1550 496 1578 546 et
1589 496 1620 548 ut
1630 510 1664 552 ea
1677 497 1768 565 possit
1778 498 1851 554 reci·

179 575 303 634 Paulum
320 575 417 646 itaqua
437 574 593 629 diaconum
612 573 699 645 (Grai.
715 576 745 640 2,
762 591 789 648 q.
807 576 834 642 1,
846 592 871 632 c.
888 576 915 648 d)
931 575 974 631 le·
1029 593 1094 650 pere
1110 578 1299 634 fraternitatis
1315 584 1415 635 vostrae
1429 579 1533 637 solatio
1549 583 1695 641 desiderat
1707 587 1850 658 adjuvari,

142 675 235 725 lorcm
252 665 451 737 presentiam,
467 664 603 734 quamvis
619 663 704 734 culpa
719 680 771 721 sua
787 665 975 721 vehementer
1029 665 1191 734 hortamur,
1209 670 1250 734 at,
1268 666 1293 723 si
1309 668 1348 723 ita
1364 673 1417 735 ast,
1431 670 1509 725 omni
1521 670 1546 726 ei
1558 672 1748 742 possibilitate
1759 678 1795 732 ad
1806 694 1850 735 re·

138 754 303 813 confundat
317 756 405 824 atqua
421 750 586 822 redarguat,
603 752 680 822 quod
697 753 836 825 deceptus
853 753 973 825 proruis.
1028 754 1852 834 cipicndaqna·deditdebeatisconcurrere,atqncvestcis

141 845 239 912 sione,
250 843 289 914 (d)
301 843 336 898 ab
348 842 536 897 accusatione
549 841 624 897 780
636 856 729 913 nuper
739 843 863 912 depositi
876 859 974 911 rpuon·
1027 858 1094 897 curri
1108 845 1224 898 auxiliis
1238 844 1384 914 adjurare,
1401 847 1468 916 qaia
1481 849 1645 905 calicratio
1658 853 1852 921 petitarutin

141 933 212 988 dam
225 930 352 1003 episcopi
364 930 409 985 sai
421 931 576 999 destiterit,
588 934 617 986 et
632 931 804 1000 cupiditatis
820 932 916 988 studio
932 931 973 987 si·
1028 931 1074 986 bis
1092 947 1157 1003 qua
1174 949 1224 1003 pro
1238 932 1362 989 ulilitate
1373 935 1571 1005 generalitatis
1583 938 1852 1014 impenditaliquod

143 1021 204 1076 lere
215 1030 315 1075 contre
329 1019 458 1074 animam
472 1036 554 1074 suana
569 1020 763 1092 potiusquam
777 1022 974 1091 proderevera
1029 1022 1174 1077 sustineat
1190 1023 1299 1093 injusta
1315 1024 1512 1094 dispendium.
1528 1031 1669 1084 Praetorea
1689 1035 1747 1088 tres
1762 1031 1852 1090 libras

143 1110 336 1176 consenserit,
354 1116 450 1164 lemen
468 1107 537 1179 quia
548 1109 611 1180 pias
623 1109 688 1181 plns
701 1126 754 1167 noe
765 1110 974 1166 esseconvcnit
1028 1109 1102 1178 sari,
1118 1127 1202 1182 quas,
1219 1112 1391 1169 imminente
1406 1116 1603 1188 suprascripto
1619 1119 1708 1175 fratre
1719 1123 1851 1192 etcoepi-

139 1218 230 1272 qaam
247 1200 407 1265 districtos,
424 1199 500 1254 banc
514 1200 540 1255 ei
557 1198 673 1270 culpam
687 1199 876 1271 ignoscimus,
888 1206 973 1271 atque
1027 1215 1116 1271 scopo
1128 1211 1225 1255 nostro
1236 1200 1411 1269 Secundino,
1421 1205 1555 1259 errmdcm
1566 1206 1685 1262 Paulum
1696 1208 1851 1266 diaconam

136 1307 207 1347 sam
223 1289 253 1345 in
270 1289 371 1345 ordino
389 1290 511 1358 locoque
522 1305 576 1344 suc
586 1288 787 1360 recipiendum
802 1306 866 1346 esse
877 1306 974 1347 censs·
1029 1302 1080 1359 pro
1092 1287 1216 1343 ulilitate
1227 1293 1329 1343 vestras
1340 1290 1456 1346 dedisse
1466 1297 1580 1348 constat
1591 1293 1731 1366 dentosis,
1748 1298 1852 1354 fretar-

139 1396 219 1435 mus.
236 1377 350 1434 Nomai
368 1376 974 1448 atemporeprolatasentcntinalflictio·
1027 1376 1105 1433 nitas
1124 1382 1220 1432 vestra
1243 1392 1291 1432 eas
1316 1385 1451 1434 cessante
1470 1380 1609 1438 dilatione
1636 1385 1777 1453 restituat,
1803 1405 1849 1456 ne,

139 1483 208 1524 nem
230 1483 318 1538 qaam
338 1465 460 1538 pertulit
475 1466 623 1521 credimus
645 1468 681 1521 ad
704 1467 862 1523 vindictam
883 1467 973 1539 hujus
1027 1463 1205 1537 qaodabsil,
1224 1466 1520 1536 conrationabiliter,
1542 1472 1592 1526 sed
1616 1472 1679 1528 sola
1697 1490 1763 1530 eum
1780 1493 1849 1547 gra-

140 1572 229 1630 posss
243 1556 335 1627 calpa
351 1556 496 1612 sufficere.
513 1555 708 1626 Euphemiam
722 1573 789 1611 vero
800 1556 971 1627 atqueTho·
1026 1570 1093 1611 aare
1107 1553 1255 1611 voluntate
1271 1559 1478 1614 tantummode
1497 1559 1631 1616 rideatur
1643 1562 1692 1635 (q).

141 1663 219 1703 mam
233 1646 321 1718 (Gret.
338 1644 431 1713 ibid),
455 1646 504 1715 qui
527 1661 579 1716 pro
601 1644 766 1702 deserenda
786 1646 972 1702 accusatione
1278 1677 1317 1744 (ai
1334 1676 1509 1733 gppgrpogg
1527 1677 1582 1735 ΗΠ

135 1753 239 1793 sacros
253 1735 371 1791 ordines
386 1739 571 1805 acceperuut,
591 1735 704 1791 eisdam
726 1734 818 1791 sacris
844 1734 1009 1833 privatesB
1237 1783 1273 1823 A„
1289 1710 1442 1824 {nmmum
1461 1720 1635 1826 Eplgcopgffi

135 1822 971 1925 “dinibumfflq‘ffi³1⁸⁵i⁰⁰⁰⁸⁰¹¹td⁰p⁰⁵i²i‘'⁰¹⁰⁸'ss
1028 1856 1098 1911 Vicer
1112 1853 1161 1910 illi
1174 1871 1239 1910 arras
1255 1855 1285 1910 in
1298 1873 1387 1928 reparo
1400 1857 1568 1914 Clitieherti
1577 1860 1710 1916 coaccedit.
1722 1862 1810 1919 llorret
1820 1864 1850 1919 ut

137 1928 322 1989 permanere,
334 1928 387 1969 ¹¹⁰0
400 1929 531 1983 unquam
542 1930 591 1969 ⁰⁰⁸
602 1914 658 1969 ⁵⁰¹)
670 1912 798 1986 qnalibet
806 1919 968 1970 0¹⁰¹¹⁸8¹¹⁰·
1058 1928 1239 1982 simoniacam
1249 1928 1339 1982 tabem
1351 1930 1507 1999 prehibeat,
1519 1937 1546 1986 et
1556 1948 1591 1987 ae
1602 1947 1637 1987 ac
1647 1933 1728 1989 loisis
1739 1943 1850 2005 repente

140 2005 187 2061 nis
203 2002 301 2076 specie
319 2018 417 2059 saeros
440 2001 468 2057 in
491 2002 606 2059 ordines
627 2001 754 2058 revocari
773 2002 967 2059 decernimus.
1058 1998 1127 2067 fiunt
1140 1999 1274 2068 episcopi.
1292 1999 1328 2054 lle
1339 1999 1424 2070 pallii
1438 2017 1501 2066 ulti,
1517 2010 1542 2058 tf
1556 2008 1692 2075 altimus
1706 2005 1851 2079 viceeapo·

141 2090 967 2164 Namaimistadigaum,etconlraecclesiasticsregulam
1057 2069 1167 2124 “mimi
1180 2070 1257 2125 ⁰⁶¹*
1272 2068 1377 2126 mm·

136 2182 301 2255 disciplina
316 2185 371 2249 est,
389 2186 420 2236 ut
435 2181 555 2248 bonore,
572 2197 657 2252 quem
675 2197 733 2237 non
748 2197 782 2237 ex
794 2179 904 2236 nrccilis
915 2181 967 2237 sed
1059 2175 1216 2247 Gregorius
1230 2175 1353 2250 Virgilio
1368 2178 1503 2252 episcopo
1521 2181 1691 2238 arelatensi.

134 2289 185 2345 pre
200 2272 325 2329 sceleris
340 2271 457 2343 premio
482 2279 683 2343 perceperunt,
706 2272 876 2344 fungantur.
893 2270 968 2338 Quia
1057 2267 1177 2336 Oquam
1189 2265 1321 2321 bonaest
1336 2265 1473 2335 charites,
1491 2286 1555 2341 quta
1572 2270 1701 2327 absentia
1717 2272 1849 2344 perima-

133 2367 234 2418 temea
251 2361 319 2433 plus
336 2361 541 2418 inisericortlim
560 2376 648 2432 qnam
664 2360 802 2416 districta
823 2377 875 2416 nos
890 2376 965 2417 crin·
1021 2352 1118 2425 giuem
1134 2353 1288 2426 presentie
1303 2356 1495 2430 sibimetipsis
1508 2359 1624 2415 exbibet
1639 2377 1691 2432 per
1706 2378 1846 2433 amorem,

134 2452 212 2507 renit
228 2466 346 2522 operam
363 2448 572 2522 decajustitiee,
584 2450 703 2507 eosdem
716 2449 908 2520 Euphemiam
921 2454 965 2505 at·
1021 2445 1115 2504 divisa
1131 2447 1206 2515 anit,
1223 2448 1477 2517 conlneaordinat,
1490 2450 1646 2522 inequalia
1659 2452 1730 2509 181
1746 2453 1850 2525 sociat,

132 2558 187 2613 que
203 2540 347 2596 'l'bomam
365 2540 394 2596 in
410 2540 513 2596 ordine
528 2537 651 2611 locoque
671 2538 872 2594 tantummodo
887 2539 964 2594 ands
1021 2536 1496 2608 imperfectaconsnmmat.0uam
1508 2541 1850 2617 recleprardiceloregre·

133 2626 959 2700 adordinessacrospromotifucrantvolumusrevocari,
1020 2626 1085 2696 gius
1112 2625 1278 2699 vinculumf
1294 2627 1481 2699 perfectionls
1504 2633 1597 2701 vocat,
1627 2631 1694 2702 quia
1720 2633 1844 2691 virtutes

132 2718 294 2775 etcanctis
310 2717 492 2775 diebusvitae
515 2734 576 2773 suaa
597 2717 766 2773 corumdem
783 2717 817 2789 (el
834 2715 962 2773 locorum
1019 2713 1137 2785 quidem
1153 2719 1261 2771 caetcrrs
1283 2715 1487 2788 perfectionem
1509 2723 1659 2789 generant,
1684 2720 1733 2776 sed
1749 2730 1844 2780 ttamen

132 2808 345 2864 continentiam
363 2807 438 2864 sicat
463 2811 676 2863 consueverant
696 2810 764 2862 ante
788 2805 960 2877 percipiant.
1017 2818 1067 2860 eas
1082 2803 1212 2861 charitas
1227 2803 1314 2860 etiam
1331 2802 1412 2878 ligat,
1424 2812 1456 2861 at
1472 2806 1508 2862 ab
1529 2807 1656 2863 amentis
1672 2815 1769 2866 mente
1783 2810 1844 2867 dis·

132 2896 309 2957 clematium
325 2912 392 2953 vero
407 2897 544 2953 lectorem
561 2895 697 2951 similiter
712 2892 901 2966 benignitatis
917 2895 960 2951 ia·
1016 2891 1089 2950 solvi
1102 2893 1163 2963 jum
1181 2896 1336 2964 nequeant.
1353 2893 1412 2949 Hac
1428 2895 1526 2967 itaque
1540 2895 1656 2966 virtute,
1673 2898 1760 2954 frater
1773 2899 1843 2956 cha·

133 2985 210 3042 tuito
226 2985 256 3041 in
272 2985 403 3042 ordinem
418 2984 576 3057 locumque
589 3000 677 3040 sunm
690 2984 885 3039 revocandam
896 2999 961 3039 esse
1016 2983 1141 3055 sissimo,
1159 2983 1278 3056 plenam
1297 2988 1325 3041 le
1340 3001 1405 3041 esse
1422 2987 1545 3057 reperio,
1570 2987 1647 3044 sicat
1666 2988 1737 3045 mibi
1753 2989 1788 3047 de
1803 2995 1842 3063 te,

131 3073 288 3130 constituo.
306 3072 416 3137 Quibus
429 3073 515 3128 otiam
531 3073 680 3139 omnibus,
697 3071 725 3124 id
741 3076 786 3126 est
799 3069 888 3126 Paulo
899 3071 961 3126 dia·
1014 3079 1042 3129 et
1056 3073 1085 3130 hi
1101 3074 1152 3144 qui
1167 3090 1200 3129 ca
1216 3072 1373 3130 Gallicanis
1388 3075 1517 3146 partibus
1534 3077 1666 3147 veniunt,
1691 3086 1718 3136 et
1733 3079 1842 3151 episto·

131 3178 216 3231 cono,
232 3160 545 3233 Euphemio,'l'hemae,
556 3158 958 3233 alqneGlematiocommoda
974 3138 1000 3204 G
1014 3163 1049 3219 le
1064 3167 1121 3218 tua
1136 3163 1172 3218 ad
1189 3176 1235 3218 me
1250 3162 1368 3220 directa
1385 3164 1471 3220 verba
1489 3168 1644 3222 testantur.

131 3269 195 3320 saa,
210 3250 373 3309 secandam
397 3250 494 3307 locam
514 3255 543 3307 et
564 3248 698 3307 ordinem
713 3249 744 3305 in
759 3265 817 3321 quc
832 3248 958 3322 quisque
1049 3251 1131 3318 Quod
1142 3249 1246 3307 veroin
1258 3249 1310 3320 eis,
1322 3251 1449 3322 (h)juxta
1460 3249 1614 3324 antiquum
1624 3270 1744 3327 morem,
1754 3273 1841 3315 usam

130 3357 232 3397 eorum
248 3347 303 3408 sat,
319 3341 397 3397 sicat
410 3340 513 3396 solitas
533 3343 595 3396 erat
619 3340 761 3410 accipere,
783 3357 800 3396 a
822 3339 956 3411 prasenti
1012 3339 1094 3411 pallii
1105 3341 1178 3410 acle)
1190 3339 1267 3396 vices
1277 3339 1356 3396 sedis
1366 3340 1705 3413 aposlolicoeposlalusti,
1718 3345 1794 3402 absit
1805 3363 1841 3403 nc

131 3427 604 3487 tertiadeeimaiudictienerostra
613 3429 779 3484 fraternitas
791 3427 957 3500 ainealiqua
1011 3432 1062 3484 aut
1072 3428 1248 3485 transitoria
1260 3430 1410 3501 potestatis
1420 3430 1548 3498 eulmen,
1560 3439 1608 3486 aut
1619 3433 1769 3490 exterioris
1782 3435 1841 3493 cal·

131 3519 609 3591 studeatimminutioueprebere.
620 3517 956 3590 Qaiaigitursuprascri·
1012 3521 1059 3573 tas
1070 3525 1205 3574 ornatum
1218 3516 1369 3574 invicibus
1385 3517 1492 3574 nostris
1509 3535 1542 3575 ac
1557 3518 1646 3591 pallio
1659 3523 1799 3594 quesisse
1814 3530 1839 3581 ts

163 3645 205 3717 ld)
214 3643 679 3717 Depreualergiversantis,quiah
689 3642 955 3699 aecusatioaedesi·
1012 3642 1178 3713 subjicitur,
1192 3657 1284 3698 menes
1300 3643 1367 3713 leq.
1383 3642 1481 3700 indict.
1494 3644 1537 3703 13.
1550 3643 1583 3700 lit
1593 3660 1665 3701 sana
1678 3646 1779 3705 indict.
1792 3650 1840 3706 de·

131 3713 958 3789 stit,aguntJureconsalti‚comsenatusconsultumTur·
1010 3713 1185 3771 cimeteriis
1200 3713 1231 3769 in
1246 3714 1375 3781 epistola
1390 3715 1464 3770 serie
1485 3720 1611 3774 notator.

148 3789 274 3845 ilianum
295 3796 450 3860 exponunt.
474 3787 547 3843 Vide
562 3786 736 3857 Gregorinm
746 3789 954 3853 turonensem,
1046 3785 1142 3841 Gerar.
1161 3785 1280 3857 l.1ll[lt.
1295 3785 1394 3855 50].-
1406 3786 1447 3913 gr]
1460 3789 1542 3857 apud
1558 3789 1713 3855 classone,
1729 3789 1776 3846 cui
1794 3791 1838 3847 la·

130 3806 260 3916 bisterton
277 3859 328 3914 lib.
343 3874 370 3927 a,
387 3876 451 3930 cap.
466 3860 512 3921 21,
534 3859 568 3914 dc
588 3858 780 3930 suspensione
796 3859 922 3941 episcopi
939 3875 957 3914 a
1010 3854 1267 3922 ronlduo'l'ellcr.,
1278 3856 1399 3913 deludio
1451 3858 1687 3919 nnii,indict.13.
1699 3860 1837 3920 Ponenda

129 3930 956 4003 communione‚eoquodabaccusationedestitissetNos
1009 3927 1835 4003 ipltnressstantecplst.olimliletlfsjusdemindict.,

128 4020 189 4059 eam
202 4019 267 4074 quae
278 4003 352 4058 inter
362 4017 489 4058 canones
499 4002 535 4056 de
546 4001 747 4073 episcoporum
762 4002 954 4057 accusationi·
1009 4000 1093 4056 datas
1109 4015 1210 4055 mense
1223 3998 1308 4055 Julio.
1327 4002 1360 4055 ill
1374 3998 1404 4055 in
1425 3999 1603 4059 Colleclicne
1625 4001 1705 4058 Pauli
1722 4005 1837 4063 diaconi

127 4077 183 4130 hus
194 4073 359 4131 antinomia
368 4074 597 4130 aslindicamus.
605 4077 662 4128 Nec
673 4072 952 4138 laicis,necinterio·
1009 4070 1207 4142 manuscripta
1223 4069 1290 4125 deta
1304 4075 1348 4126 cst
1365 4070 1398 4125 12
1413 4071 1536 4143 Augusti
1552 4073 1654 4130 indict.
1673 4077 1716 4132 ts.
1736 4075 1837 4134 Exstat

128 4146 210 4203 ribus
220 4144 335 4203 clericis
348 4145 560 4202 liectaccusarc
574 4160 644 4200 snas
660 4146 832 4216 episcopes;
849 4143 953 4200 iisdem
1008 4141 1121 4214 integre
1135 4143 1210 4198 inter
1224 4141 1494 4210 epistolasloannts
1508 4160 1566 4210 vrrs,
1580 4148 1725 4215 estqastll
1737 4148 1836 4204 liesto-

126 4218 247 4274 eosdcm
258 4217 326 4272 licet
342 4233 487 4273 accusare.
504 4215 576 4271 Vide
590 4233 670 4271 caus.
688 4218 715 4281 2,
727 4219 828 4286 quest.
839 4216 866 4270 t.
878 4217 952 4272 Coo·
1008 4229 1065 4282 gno
1081 4212 1253 4269 Arelatensi.
1267 4214 1299 4270 ln
1311 4213 1426 4270 duobus
1437 4213 1543 4283 Velie..
1556 4216 1679 4272 totidem
1690 4217 1794 4274 ‘fellea
1806 4224 1836 4276 et

126 4288 228 4345 cilium
242 4287 474 4345 chalcedonense
488 4287 575 4344 solvit
589 4288 698 4343 nodum
714 4303 779 4343 can.
793 4288 842 4342 21:
859 4285 952 4343 Cleri·
1008 4285 1163 4341 tiliamensi
1177 4283 1359 4356 inscribitur,
1378 4285 1485 4358 Virqil„
1501 4293 1569 4354 ete,
1585 4289 1616 4343 tn
1630 4288 1735 4345 Gallius
1748 4292 1834 4347 misse

125 4376 175 4417 eos
188 4361 250 4417 aive
267 4358 357 4417 laicos
374 4364 544 4416 accusantes
564 4374 630 4415 suos
645 4358 796 4431 episcopos
812 4357 854 4413 acl
869 4357 954 4415 cleri·
1006 4372 1056 4428 per
1070 4358 1151 4412 lece.
1173 4355 1364 4429 presbyteram
1387 4365 1413 4413 et
1436 4357 1621 4414 Sabinianum
1637 4360 1709 4417 dies.
1727 4360 1831 4418 Parum

125 4448 177 4489 cos
193 4431 305 4504 ausim
316 4436 345 4487 st
355 4432 417 4488 siue
431 4429 654 4503 probationem
667 4429 882 4486 accusationem
894 4447 952 4486 non
1008 4428 1174 4500 discrepant
1190 4428 1247 4484 duo
1267 4428 1316 4483 alii
1331 4429 1422 4483 Vatic.

124 4503 183 4560 reci
208 4504 229 4570 i,
254 4502 313 4559 nisi
335 4502 414 4571 prius
435 4518 532 4559 eorum
563 4500 734 4558 discutiatur
763 4501 989 4572 existimation
1043 4499 1083 4567 (b)
1098 4499 1185 4564 Infra,
1202 4498 1252 4557 lib.
1268 4500 1394 4569 saepiat.
1407 4500 1636 4573 dialecticalis
1649 4501 1830 4571 predecesso-

124 4574 174 4631 Eri
197 4573 298 4633 actius
313 4574 409 4631 adbuc
432 4591 493 4630 rem
515 4571 648 4630 eamdem
670 4578 775 4629 tractat
794 4572 949 4630 concilium
1007 4571 1829 4645 summeurcmtsmperihcspellinmlretatcnsisepiscopus

122 4646 311 4703 Consmmm.
328 4645 350 4713 Ι,
366 4663 429 4703 can.
444 4646 472 4708 6,
489 4662 575 4717 quem
593 4645 682 4700 lector
697 4644 840 4700 consulet.
858 4643 953 4703 Unum
1004 4644 1115 4714 occepit.
1127 4642 1303 4698 ilrataalem
1315 4641 1551 4713 archiepiscopus
1562 4643 1771 4715 Virgiliasjem
1782 4645 1827 4701 ln·
1870 4692 1881 4705 .

122 4719 220 4775 addo:
237 4716 267 4774 si
282 4718 366 4773 liceat
381 4733 526 4781 accusare,
545 4733 613 4788 erge
635 4720 663 4771 ct
683 4731 798 4773 monere
818 4720 847 4771 et
866 4719 953 4773 curri·
1004 4713 1072 4768 dict.
1084 4713 1626 4787 Gsaoqnemunsreparuliqaetannos
1637 4716 1828 4774 i'uncluasine

121 4806 194 4862 pere
217 4789 449 4859 delinquentem,
472 4795 595 4860 urgente
613 4787 766 4852 charitate,
788 4805 844 4844 non
871 4788 953 4843 mali·
1005 4784 1103 4852 pallio,
1120 4790 1151 4840 at
1167 4783 1257 4857 liquet
1270 4790 1330 4841 tum
1344 4800 1378 4841 ex
1394 4784 1473 4841 illias
1489 4786 1556 4850 vile,
1572 4790 1634 4841 lam
1650 4801 1684 4842 er
1696 4787 1781 4858 epist.
1793 4788 1828 4843 tr

120 4866 235 4933 guenta
260 4862 332 4917 zelo.
355 4860 500 4930 Scriptum
529 4864 575 4915 cat
603 4860 699 4915 enirn:
730 4859 817 4916 Nolite
841 4868 955 4929 tuepcre
1004 4855 1056 4913 lib.
1072 4872 1091 4913 r.
1108 4854 1245 4912 Nondum
1261 4871 1329 4927 erge
1345 4857 1465 4912 inducta
1484 4862 1547 4912 erat
1564 4857 1644 4941 pollii
1659 4858 1827 4924 necessitas,

121 4935 248 4989 Christos
262 4948 347 4999 meos,
362 4938 389 4989 et
403 4931 434 4988 irc
447 4930 588 5002 prophetis
605 4929 675 4986 areis
692 4930 777 4986 nolite
791 4932 952 5004 rnotiqaeri.
1004 4929 1136 4984 noudum
1152 4929 1188 4984 ab
1208 4926 1258 4983 lllo
1280 4927 1431 4985 exterioris
1449 4927 1547 4984 cnllas
1566 4936 1760 4986 instrumenta
1776 4946 1826 5005 po·

121 5003 203 5061 Psal.
219 5019 277 5071 cra,
292 5018 368 5060 vers.
388 5006 429 5060 15.
446 5004 590 5060 Gesseris.
1005 5006 1092 5056 testes
1106 4998 1302 5055 ecclesiastica
1323 4999 1475 5072 pendebat.

158 5077 197 5148 (el
213 5074 395 5146 Stlpendium
411 5074 557 5139 clericale,
572 5071 745 5146 sportulam,
770 5072 951 5142 demensum,
1038 5072 1073 5138 (c)
1085 5075 1123 5128 De
1134 5069 1288 5143 legationis
1300 5068 1430 5143 bnjasin
1441 5069 1635 5129 Galliisinitle
1646 5070 1828 5131 ddczosiml

120 5148 203 5219 qood
221 5146 312 5205 morlo
327 5150 390 5203 erat
404 5146 475 5203 dare
490 5146 605 5203 clericis
620 5145 649 5202 la
669 5145 770 5202 eodem
784 5145 847 5202 loce
863 5146 953 5203 mini·
1026 5157 1085 5213 spe
1099 5143 1185 5215 epist.
1200 5142 1219 5197 5
1232 5145 1260 5199 et
1271 5143 1315 5208 tl,
1330 5143 1367 5199 erl
1390 5140 1555 5199 Patroclum
1574 5142 1693 5210 arelat,
1713 5158 1827 5203 necnon

117 5219 298 5278 almericus.
315 5216 446 5291 idipsum
464 5217 561 5275 statim
577 5216 718 5289 repetitur
736 5217 772 5273 de
787 5216 875 5275 Paulo
890 5217 953 5274 dia·
1004 5158 1093 5271 hilari
1109 5218 1345 5286 poposcissem,
1356 5229 1465 5270 nonem
1476 5213 1668 5271 etdeelmem.
1679 5215 1827 5273 Arelaten-

118 5306 199 5347 eooo
213 5294 243 5347 et
256 5290 397 5348 Clematio
413 5289 479 5347 allis
494 5288 599 5346 uerbis.
615 5289 760 5345 Gnsssuv.
1003 5283 1111 5342 sibuse
1134 5284 1242 5358 lsecpts
1252 5300 1310 5342 non
1322 5285 1395 5341 adeo
1405 5284 1594 5343 faverantolii
1604 5286 1825 5358 peetZosimum

156 5362 199 5437 (f)
214 5360 306 5418 Velio.
316 5363 350 5432 Α,
359 5365 431 5429 aa,
441 5377 491 5432 pro
501 5359 623 5417 utilitate
633 5359 786 5426 procincta
796 5364 903 5419 raetrae.
919 5359 951 5415 ln
1003 5302 1291 5429 liornanfpontilices
1302 5355 1466 5413 Bonifacius
1477 5358 1513 5425 ll,
1522 5357 1694 5414 Caelestinus
1704 5359 1725 5429 l,
1738 5359 1791 5415 Leo
1803 5364 1825 5425 l,

114 5432 175 5491 bac
192 5432 314 5507 epistola
328 5432 437 5497 mulla.
451 5432 523 5490 ilas.
544 5447 653 5488 morem
676 5435 811 5503 gerendo,
828 5430 953 5487 mutavi·
1002 5427 1095 5485 donee
1113 5427 1307 5502 Symmachus
1327 5444 1374 5484 an.
1397 5428 1450 5483 511
1469 5428 1592 5485 cesarie
1612 5429 1718 5486 arelat.
1738 5445 1825 5487 usam

114 5520 202 5574 mas,
218 5505 243 5562 si
259 5505 383 5562 aliorum
400 5504 547 5561 liditornm
563 5504 637 5560 ratio
657 5503 817 5572 habeatur;
832 5506 869 5561 de
884 5502 952 5576 qui·
1002 5499 1081 5567 palili
1096 5516 1163 5556 carn
1179 5499 1257 5556 sedis
1280 5499 1444 5569 apostolica
1464 5500 1605 5557 vicariatu
1628 5500 1754 5573 largitus
1768 5506 1822 5560 cet.

113 5576 188 5643 bns,
205 5576 284 5704 qaod
300 5575 373 5633 lesia
387 5576 457 5640 sint,
473 5593 531 5633 aaa
552 5576 772 5633 admonuimus.
1001 5571 1075 5628 Tum
1088 5571 1219 5628 eircaan.
1230 5570 1371 5628 hibidem
1383 5571 1526 5630 concessit
1539 5572 1669 5630 auxanio
1683 5574 1822 5644 primam,

151 5647 198 5721 (p)
225 5664 243 5705 a
258 5646 369 5705 Taren.
385 5646 414 5705 S.
430 5646 507 5723 Gal„
522 5652 552 5706 et
566 5646 596 5704 in
617 5650 675 5703 ret.
690 5646 743 5705 bid.
760 5644 852 5704 Paris.
869 5646 950 5715 1518,
1001 5642 1107 5700 delude
1122 5641 1287 5711 Aureliano,
1302 5642 1526 5718 Vigilluseplst.
1537 5642 1555 5697 7
1566 5648 1593 5700 et
1605 5645 1639 5699 l0
1651 5660 1657 5703 :
1669 5648 1772 5714 postea
1783 5646 1821 5699 Pe
