3908 6156
116 250 175 313 699

117 475 275 546 voluimus,
291 476 482 534 discutientes
492 476 763 549 eausam,nibiiqua
780 477 854 533 ineo
869 475 946 547 obje-

119 569 232 620 eternum
241 566 429 638 reperientes,
448 568 481 622 ut
490 566 630 624 adlooum
643 582 729 624 auum
742 568 945 630 reverteretur,

118 652 532 729 absolvimuscriminisergo
543 656 751 727 eiusauotores
768 655 947 712 tevolumus

117 743 302 812 perscrutari.
319 743 354 800 ut
364 743 481 815 nisioui
499 747 615 804 easdem
625 745 792 803 transmisit
804 746 877 802 1114
886 742 948 817 epi-

116 829 208 886 stolas
223 837 340 903 paratus
364 833 522 891 lueritboo
548 837 626 908 quod
660 835 770 907 objecit
798 830 948 891 canonicis

118 919 948 997 atque(didIstrlctissimisprobationibusedooers‚nulia·

116 1013 203 1066 tenus
218 1012 253 1066 ad
268 1019 377 1068 sancte
391 1014 563 1087 mysterium
578 1013 800 1072 communionis
816 1013 948 1070 decedat·

154 1098 277 1156 Paulum
290 1117 358 1159 vero
373 1102 527 1172 clurinum,
542 1104 594 1177 qui
610 1121 685 1176 sape
699 1103 847 1160 diciturin
859 1102 949 1160 male·

118 1187 192 1245 dolis
207 1189 420 1263 deprehensus,
436 1194 500 1266 qui,
515 1194 654 1265 despecto
669 1193 770 1251 babitu
787 1193 884 1250 suoad
894 1190 949 1251 lai·

117 1293 183 1336 cam
197 1295 331 1338 reversus
343 1282 443 1351 vitam,
460 1282 490 1339 in
507 1283 636 1341 Atridam
652 1284 775 1357 iugarat,
787 1282 812 1340 si
836 1283 877 1339 ita
894 1285 950 1354 est,

118 1366 388 1442 tricorporaliprius
397 1371 950 1444 provenientevindictaprevidimusin

118 1457 400 1529 ponitentirmdarl,
409 1460 756 1531 quatennsetseoundum
765 1460 953 1534 apostolicum

119 1547 295 1604 sententiam
311 1549 452 1606 excannio
467 1549 627 1607 afflictione
642 1549 762 1623 spiritus
776 1548 874 1606 salvus
889 1549 950 1618 fiat,

120 1639 296 1694 exterrente
311 1642 497 1710 peccatorum
506 1640 619 1707 sordes,
632 1655 708 1711 quas
722 1642 821 1712 pravis
836 1642 951 1696 contra·

118 1722 197 1781 risse
213 1725 991 1825 ferturoperibns‚laorymarumpossitassiduitateB

119 1811 241 1872 diluere.
264 1816 314 1874 Gis
327 1833 395 1875 vero
410 1817 462 1891 qui
481 1818 517 1875 ab
532 1818 731 1877 ecclesiastiea
746 1818 952 1877 communione

118 1904 255 1976 suspensi
272 1910 351 1977 sunt,
378 1907 480 1965 nntius
495 1906 655 1981 religiosus
670 1908 706 1982 (Ι)
720 1909 885 1967 secundum
901 1923 953 1966 oa·

119 2009 231 2052 nouum
246 2003 388 2070 precepta
399 2000 553 2073 jungatur.

155 2082 196 2140 lie
211 2085 449 2146 ordinationibus
459 2104 526 2146 sero
537 2087 581 2145 vel
593 2090 628 2147 de
642 2088 761 2162 nuptiis
773 2087 948 2145 clericorum

120 2175 174 2229 snt
188 2172 223 2230 de
237 2174 275 2232 iis
290 2192 353 2249 quer
367 2177 503 2234 velantur
515 2177 687 2251 virginibus,
703 2176 811 2249 nullus,
829 2180 861 2233 ut
872 2193 951 2235 nuuc

118 2260 182 2319 deri
197 2264 314 2334 dicitur,
331 2265 494 2341 quidquam
510 2267 621 2340 premii
632 2274 789 2341 presumat
799 2267 941 2341 accipere,

120 2351 180 2409 nisi
194 2353 346 2425 quidpiam
363 2372 418 2413 sua
432 2359 536 2429 sponte
551 2357 654 2414 oilerre
669 2355 836 2414 maluerint.

155 2443 195 2497 De
208 2442 453 2516 mulieribusque
464 2443 500 2501 de
510 2444 697 2502 monasteriis
703 2446 738 2502 ad
750 2444 949 2504 laicamvitam

120 2532 190 2585 suot
204 2545 339 2603 egresse,
354 2533 489 2604 virosque
519 2533 639 2603 sortita,
668 2534 739 2608 quid
757 2534 947 2608 deridebant,

120 2633 188 2676 oum
204 2620 341 2692 predicto
355 2623 543 2681 fraternitatis
558 2630 613 2680 tue
628 2623 795 2698 presbytero
810 2625 948 2683 subtilius

120 2723 224 2765 sumus
239 2708 387 2781 collocuti,
413 2713 498 2786 cutus
517 2711 658 2771 relatione
686 2714 828 2771 sanctitas
853 2719 947 2773 uestra

118 2802 215 2871 potest
230 2796 345 2871 plenius
356 2799 519 2859 informari.

154 2886 293 2959 itellgiosi
307 2905 374 2947 vero
383 2890 481 2948 elarini
496 2896 655 2950 conventus
666 2893 946 2966 patrociniaquelai·

118 2990 218 3035 corum
234 2983 364 3048 careant,
380 2984 409 3038 et
428 2986 485 3039 tua
500 2983 597 3039 modis
612 2980 751 3039 omuibus
781 2983 945 3040 seeundum

717 251 855 315 SANGTI
877 249 1067 314 enunotul
1091 249 1222 313 linunt

116 385 222 444 naliter
236 391 405 447 accusatum
420 388 508 460 (drot.
523 389 550 461 5,
562 405 588 462 a.
598 390 626 459 6,
636 404 660 447 e.
672 389 710 459 4).
725 389 890 461 culusum,
909 389 942 443 ut
955 387 983 455 Α

1250 383 1425 442 uelsuoua
1443 382 1571 441 XXVIII.

1204 491 1241 531 un
1255 489 1407 530 cannrnnu
1422 487 1619 529 nnrnnsonsu.

1038 565 1069 623 us
1081 564 1180 622 Albino
1196 564 1352 620 lunainiius
1366 565 1474 636 priuato
1492 561 1611 633 sinuatis
1625 560 1712 618 annu
1726 557 1796 617 duos

1272 635 1409 693 tremisses
1422 634 1555 707 praebeat.

1036 743 1192 816 Gregorius
1206 743 1336 800 candida
1352 740 1508 800 defensori.

1037 828 1833 907 Necessitatempatientibuspontificaleconvenitades-

1002 939 1035 981 se
1048 922 1226 980 subsidium.
1241 928 1295 981 Pro
1311 938 1369 996 qua
1383 938 1414 979 re
1427 920 1608 994 experientior
1619 924 1678 977 tuar
1692 919 1833 993 presenti

1003 1010 1177 1069 auctoritate
1192 1010 1378 1085 praecipimus
1390 1013 1535 1082 quatenus
1546 1007 1647 1064 Albino
1660 1005 1830 1081 privatolu·

1004 1100 1134 1158 minibus
1152 1100 1212 1158 illio
1225 1100 1373 1173 quondam
1393 1097 1511 1155 Martini
1526 1095 1620 1154 coloni
1635 1095 1762 1167 singolis
1776 1112 1831 1152 an·

1003 1191 1051 1247 nis
1065 1190 1103 1263 (a)
1117 1191 1192 1247 duos
1217 1189 1367 1246 tremisses
1381 1187 1446 1246 sina
1461 1187 1556 1258 aliqua
1578 1185 1718 1243 diletione
1741 1200 1832 1258 pres·

1003 1283 1066 1338 tare
1094 1297 1152 1338 non
1181 1280 1304 1348 desinat,
1332 1295 1391 1337 non
1411 1277 1580 1336 dubitatura
1599 1275 1663 1333 suis
1682 1275 1739 1334 boc
1766 1273 1833 1332 sine

1004 1370 1093 1428 dubio
1108 1370 1271 1429 rationibus
1284 1368 1437 1442 imputari.

1225 1475 1300 1533 1118
1316 1475 1487 1533 GPlS'l'OLA
1506 1473 1611 1533 xxix.

1213 1583 1249 1624 AD
1263 1583 1432 1625 tenuemve
1447 1578 1619 1622 uerecunde.

1005 1657 1166 1715 Phousiana
1189 1673 1252 1730 quar
1272 1656 1381 1732 pridem
1409 1655 1544 1712 latuerat
1566 1656 1734 1727 episcopum,
1758 1666 1834 1709 nune

1303 1744 1407 1802 quoque
1421 1727 1534 1784 babeat.

1041 1819 1196 1893 Gregorius
1205 1819 1345 1876 ianuario
1359 1817 1496 1890 episeopo
1508 1815 1684 1874 Caralitano.

1019 1944 1022 1951 ›
1040 1908 1173 1965 Pervenit
1185 1909 1220 1964 ad
1238 1923 1292 1965 nos
1306 1906 1335 1962 iu
1350 1905 1414 1963 ioca
1427 1905 1479 1977 qui
1489 1905 1564 1961 intra
1574 1902 1755 1976 provinciam
1764 1901 1834 1959 Sar-

1004 1997 1115 2055 dlniam
1131 1997 1171 2067 (a)
1182 1995 1350 2053 Phousiana
1364 1995 1471 2053 dicitur
1484 1992 1728 2052 consuetudinem
1744 1992 1834 2049 luisse

1003 2087 1174 2160 episcopum
1190 2083 1357 2154 ordinandi,
1373 2084 1425 2140 aad
1440 2083 1517 2140 banc
1527 2099 1579 2157 pro
1591 2097 1691 2140 rerum
1707 2080 1831 2138 necessi·

1003 2180 1062 2234 tate
1075 2175 1170 2247 longis
1185 2173 1344 2231 abolevisse
1358 2173 1551 2246 temporibus.
1562 2171 1634 2238 Quia
1644 2175 1743 2229 autem
1755 2186 1832 2227 nuno

1003 2268 1186 2324 sacerdotum
1201 2264 1362 2338 indigentia
1374 2265 1519 2338 quosdam
1530 2262 1590 2321 illic
1599 2277 1829 2337 paganosrsnra·

1003 2372 1072 2414 nere
1086 2354 1288 2428 cognorimus,
1304 2358 1333 2411 et
1343 2354 1434 2411 lerino
1446 2355 1584 2427 degentes
1599 2352 1697 2419 modo,
1709 2351 1759 2409 Dei
1768 2349 1829 2409 oul-

1002 2453 1064 2508 tum
1079 2449 1194 2520 penitus
1210 2447 1354 2521 ignorare,
1365 2444 1830 2504 hortamuriraternitatemtuam

1002 2537 1273 2596 utilliosecundum
1289 2536 1447 2609 pristinum
1464 2536 1584 2593 modurn
1595 2534 1735 2592 ordinare
1749 2532 1830 2590 leati-

1000 2631 1050 2684 net
1063 2626 1236 2696 antistitem,
1252 2625 1340 2682 talem
1355 2623 1491 2682 videlieet
1505 2625 1555 2697 qui
1568 2623 1604 2681 ad
1614 2625 1668 2682 boo
1679 2639 1757 2697 opus
1767 2637 1830 2679 mo·

1000 2714 1084 2771 ribus
1098 2731 1132 2771 ac
1141 2713 1229 2770 verbo
1239 2711 1346 2770 existat
1353 2711 1486 2781 idoneus,
1497 2715 1527 2767 et
1537 2710 1707 2768 aberrantes
1717 2708 1757 2767 ad
1766 2723 1830 2782 gre·

999 2819 1066 2877 gem
1079 2802 1260 2861 dominicum
1268 2801 1409 2874 pastoraii
1418 2800 1534 2858 studeat
1542 2800 1728 2858 emulatione
1738 2799 1832 2855 dedu·

999 2909 1063 2951 oero
1079 2908 1087 2961 ς
1102 2889 1366 2966 quaternunculis
1381 2890 1418 2947 ad
1433 2889 1600 2948 animarum
1611 2893 1734 2946 vacante
1744 2903 1825 2946 oom-

999 2982 1151 3058 psndium,
1164 2978 1474 3037 necrosinveniamini
1485 2977 1635 3052 superbus
1645 2977 1825 3052 poposcisse,

118 3080 245 3125 canones
269 3068 467 3139 iurisdictioal
500 3070 675 3140 subdantur,
710 3087 748 3130 ne
774 3072 945 3129 remissione
1000 3088 1054 3131 uec
1063 3071 1134 3131 olim
1144 3070 1289 3129 destructa
1303 3070 1411 3127 trustra
1421 3085 1473 3126 nos
1484 3068 1658 3126 reformasse
1669 3066 1821 3141 peniteat.

118 3153 310 3214 fraternitatis
338 3160 398 3216 tue
418 3159 484 3231 ejns
499 3160 546 3218 oni
561 3175 650 3234 prees
665 3160 702 3217 sit
718 3159 873 3234 disciplina
888 3160 946 3218 dis-

117 3245 215 3301 soluta
229 3245 372 3304 Ecclesia.

152 3334 207 3394 ilos
223 3341 321 3395 autem
333 3340 420 3411 (Grai.
436 3341 482 3408 27,
501 3357 528 3414 p.
545 3341 573 3413 l,
587 3357 611 3398 c.
626 3341 673 3414 29)
689 3340 739 3415 qui
751 3341 781 3398 in
793 3342 946 3414 predictas

118 3424 257 3485 mulieres
272 3443 336 3500 que
349 3444 473 3503 egresse
485 3433 557 3487 sunt
571 3431 607 3486 de
623 3430 809 3488 monasteriis
819 3447 947 3489 excesse-

116 3519 197 3586 runt,
212 3521 241 3573 et
269 3533 347 3574 nunc
361 3517 497 3577 dicuntur
510 3518 713 3577 communione
745 3520 890 3593 suspensi,
920 3523 946 3581 si

116 3603 285 3665 iraternitas
301 3612 352 3665 tua
378 3608 414 3665 de
430 3607 480 3665 tali
504 3609 632 3667 facinore
658 3609 746 3683 digne
773 3609 946 3682 penituisse

117 3695 291 3765 providerit,
320 3697 356 3754 ad
371 3713 487 3756 sacram
502 3699 737 3756 communionem
762 3703 790 3756 te
810 3698 945 3756 volumus

118 3800 265 3843 revocare.

118 3926 226 3987 Veneta
242 3931 320 3987 1504.
338 3931 370 3988 ld
386 3931 474 3990 etiam
490 3933 727 3991 animadversum
744 3951 761 3989 a
775 3936 948 3994 correctori·

120 3998 177 4057 bus
192 4002 343 4084 liomanis,
357 4003 406 4075 qui
422 4004 457 4060 ad
473 4003 559 4062 illum
575 4006 671 4063 locum
686 4022 704 4062 a
718 4003 855 4064 Gratiano
871 4006 948 4064 rela-

121 4076 184 4128 tum
199 4088 229 4129 tn
257 4074 391 4146 margine
404 4074 581 4133 addiderunt
606 4094 613 4133 :
632 4077 683 4147 ot.,
697 4075 859 4134 Sardorum.
876 4079 947 4137 Gus-

122 4158 206 4203 sunu.
221 4143 414 4228 Gonaantiunt
428 4164 463 4204 ex
478 4147 546 4205 Mss.
563 4148 672 4205 nostris
687 4148 828 4221 plerique.

158 4215 199 4285 (d)
205 4214 442 4287 Vadesauantum
453 4218 570 4277 intersit
580 4219 713 4278 lioclesie
719 4220 947 4280 calumniatores

123 4288 231 4372 puniri.
249 4286 279 4344 ln
293 4287 376 4359 God,
391 4287 443 4347 lib.
455 4291 589 4359 rr‚tit.de
603 4293 826 4365 probationibus,
843 4294 899 4366 leg.
917 4294 948 4350 il·

123 4357 181 4415 nair
198 4375 205 4442 ξ
222 4358 317 4417 Sciam
330 4363 425 4418 cuncti
437 4368 608 4420 accusatores
614 4379 676 4420 eam
689 4379 718 4421 ss
727 4381 787 4420 rem
800 4363 906 4434 deferre
916 4367 946 4421 in

119 4429 264 4501 publicam
278 4434 416 4490 natmnem
430 4433 536 4503 debere,
551 4452 612 4509 pun
623 4436 730 4492 monita
740 4438 776 4492 sit
788 4436 895 4492 idoneis
904 4441 946 4492 te-

120 4502 267 4571 sitimve
277 4505 418 4562 instructa
431 4507 618 4577 apertissimis
628 4508 804 4575 documentis,
815 4505 860 4564 cel
867 4507 945 4564 indi-
959 4493 983 4560 tl

120 4575 173 4631 ciis
186 4575 223 4632 od
229 4575 425 4648 probationem
436 4577 601 4635 indubitatis
614 4587 640 4634 et
656 4579 716 4637 tuce
725 4578 891 4635 clarioribus
897 4595 945 4635 ex-

121 4646 225 4718 pedite.
242 4646 378 4730 litlib31s
391 4648 473 4718 und,
485 4651 529 4707 tit.
544 4653 572 4716 2,
585 4649 639 4721 leg.
652 4648 947 4718 dominisententiam

122 4720 183 4788 {are
196 4721 303 4777 nouerit
317 4719 458 4777 licentiam
466 4722 693 4787 mentiendicum
700 4721 903 4778 calumniantes
912 4721 949 4778 ad

122 4789 274 4849 uindictam
286 4798 378 4863 poseat
389 4792 548 4849 similitudo
561 4791 702 4864 supplicii.
718 4792 803 4848 Notat
817 4791 908 4849 lector
917 4793 947 4850 id

123 4861 224 4919 reterri
240 4878 321 4919 caus.
347 4864 375 4932 ἓ,
391 4878 419 4935 q.
435 4864 464 4930 8,
492 4880 518 4922 c.
536 4866 563 4932 3,
592 4868 733 4937 tanquam
762 4879 797 4920 sx
824 4863 948 4937 epistola

122 4930 305 5005 liutycbiani.
322 4933 397 5018 Lege
426 4939 517 4992 totam
532 4952 563 5007 q.
577 4936 605 5002 6,
620 4951 701 4992 caus.
716 4936 744 5004 5,
773 4933 824 4992 ubi
849 4936 885 4993 ds
897 4951 947 4994 os·

122 5001 236 5086 lemnia
251 5005 356 5062 citetur
369 5021 399 5061 ιιι
414 5006 509 5064 tribus
523 5005 684 5064 canonibus
699 5012 819 5063 sanctus
836 5006 948 5081 Grego-

124 5089 187 5157 rius
201 5090 260 5133 non
274 5077 435 5135 admodum
455 5082 563 5136 exacte.
591 5083 701 5135 Auctor
727 5078 824 5151 operis
844 5079 948 5153 imper·

123 5144 200 5227 lectt,
221 5145 322 5205 homil.
339 5149 374 5204 42
397 5150 427 5206 in
445 5166 510 5222 cap.
526 5166 585 5207 xxu
600 5150 714 5216 uattb,
730 5152 811 5207 dooat
827 5167 887 5225 qua
901 5168 947 5209 ra·

123 5220 280 5276 troneeum
297 5219 559 5279 calumniatoribus
573 5223 730 5294 agendum.
746 5221 892 5281 Gusssnv.

157 5287 196 5435 pa
205 5290 245 5347 De
258 5307 292 5348 aa
304 5308 394 5366 supra
408 5292 495 5366 epist.
510 5292 544 5348 43
558 5291 608 5350 tib.
621 5308 663 5361 ιιι,
680 5292 782 5350 indict.
798 5295 842 5350 11.

209 5362 482 5421 Ειοοιιιιιιιιιίιιῑοε
493 5364 529 5421 ab
540 5380 598 5420 uno
612 5365 797 5437 episcopam
807 5363 947 5421 aliisubi-

121 5435 422 5561 puaterrarumritrri
433 5435 547 5499 debere,
556 5442 687 5491 vetuerat
700 5437 946 5503 institutum,cum

148 5506 239 5563 icona
248 5507 583 5577 synodus,cao.5‚deeo
593 5508 679 5563 iaciat
691 5510 867 5566 mentionem
878 5505 946 5563 κατά

121 5575 168 5630 τὸν
183 5575 291 5643 sanim,
321 5593 406 5648 quatu
423 5578 504 5645 sinaei
531 5579 685 5650 antiquum
704 5583 825 5654 usurpet
846 5580 945 5637 entio-

122 5648 214 5711 obena
228 5647 368 5720 synodus,
385 5665 410 5705 c.
425 5649 443 5703 2
457 5657 483 5705 at
499 5648 526 5721 o,
542 5656 595 5708 etc.
612 5647 755 5711 Gummi.

1277 3158 1451 3216 setsruus
1465 3157 1558 3218 XXX.

1193 3267 1230 3308 AD
1245 3266 1459 3307 consumunt
1472 3263 1632 3307 AUGUSTU-

1002 3343 1033 3401 111
1048 3340 1258 3400 Constantinam
1272 3345 1354 3412 capnt
1377 3341 1467 3395 suncti
1482 3338 1569 3395 Pauli
1583 3336 1773 3407 postulantem
1787 3337 1829 3394 de-

1036 3416 1152 3479 terreat,
1167 3411 1247 3470 nario
1272 3416 1393 3469 recenset
1408 3410 1549 3483 prodicta.
1573 3409 1654 3465 Addit
1683 3409 1757 3466 bane
1769 3425 1829 3466 esse

1036 3483 1168 3542 Romame
1191 3483 1425 3552 consuetudinem,
1448 3487 1480 3538 ut
1505 3481 1640 3554 reliquias
1672 3481 1829 3550 petentibus

1037 3556 1160 3612 brandea
1182 3555 1272 3611 sotum
1289 3552 1446 3612 concedant.
1464 3552 1503 3610 Ad
1517 3554 1651 3624 obiectum
1666 3551 1829 3612 Graecorum

1035 3625 1260 3686 consuetudinem
1273 3625 1426 3699 respondet.
1444 3624 1565 3681 Tandem
1579 3641 1594 3681 e
1608 3626 1714 3683 catenis
1738 3625 1831 3683 saneti

1038 3700 1123 3757 Pouts‘
1140 3699 1294 3771 particulas
1308 3699 1378 3755 timo
1391 3695 1569 3755 excutiendas
1582 3696 1731 3768 promittit.

1038 3787 1195 3863 Gregorius
1209 3786 1250 3861 (o)
1264 3786 1463 3845 constantine
1478 3787 1626 3859 Augusta.

1036 3933 1133 3991 tuerer.
1147 3931 1272 3989 XXVlll.
1287 3931 1378 4060 -th
1390 3930 1457 3989 llas.
1470 3929 1598 3999 Proicit,
1608 3928 1663 3987 duo
1678 3931 1829 3999 tremisses,

1002 4002 1324 4079 legandumtorsandao
1360 4002 1829 4075 cire..suspioionemmovetqood

1001 4077 1060 4135 duo
1074 4077 1227 4134 tremisses
1242 4075 1356 4132 modica
1371 4075 1443 4132 forat
1457 4073 1650 4156 eleemosyna.
1666 4078 1740 4130 Nam
1770 4079 1831 4130 tre-

1001 4148 1099 4207 missis
1113 4148 1200 4205 tertia
1213 4150 1328 4205 tantum
1341 4163 1409 4220 pars
1421 4151 1466 4203 ast
1476 4145 1557 4203 aurai
1572 4161 1632 4202 sive
1646 4143 1750 4212 solidi;
1763 4144 1832 4202 soli·

1001 4222 1057 4304 dus
1067 4236 1134 4278 varo
1145 4222 1252 4304 quarta
1262 4225 1342 4301 parte
1352 4217 1592 4302 minorludorico
1602 4220 1703 4274 nostro
1715 4232 1805 4274 aureo
1819 4233 1829 4285 ς

1001 4287 1829 4447 ιιιξι.11111111111111111ιιι.

1000 4436 1157 4493 Tremrssra
1172 4432 1251 4490 rlirus
1266 4449 1378 4506 passim
1394 4447 1554 4489 meminere
1564 4431 1696 4488 mudrico
1711 4431 1829 4488 raterio·

999 4508 1040 4564 ris
1055 4505 1106 4562 evi
1121 4505 1277 4578 scriptores
1292 4520 1325 4563 ao
1340 4503 1418 4578 leges
1434 4521 1441 4561 :
1463 4500 1652 4577 equivalebat
1667 4502 1729 4560 iere
1743 4506 1829 4560 scuto

1000 4583 1100 4637 nostro
1115 4580 1266 4647 argenteo.

1037 4650 1133 4706 Enrsr.
1150 4647 1249 4706 XXIX.
1264 4678 1300 4691 -
1315 4649 1353 4721 (a)
1369 4647 1412 4703 lta
1426 4662 1529 4704 omnes
1557 4645 1615 4703 tera
1644 4660 1719 4702 msa.
1735 4646 1827 4703 Codd.

1001 4721 1083 4795 Apud
1100 4720 1285 4793 Geograpbos
1299 4717 1473 4785 Pbausania,
1485 4721 1514 4775 et
1528 4716 1635 4774 dicitur
1648 4716 1738 4789 vulgo
1749 4719 1829 4775 Terra

1000 4809 1080 4851 nouo.
1097 4791 1172 4849 Urbs
1185 4796 1231 4848 est
1245 4789 1388 4848 Sardiniae
1402 4789 1562 4862 maritima,
1578 4789 1663 4862 eujus
1677 4788 1831 4864 sedesepi·

1001 4861 1129 4937 scopulis
1144 4862 1201 4920 sub
1216 4862 1435 4948 archiepiscopo
1459 4861 1640 4929 Tomitana,
1662 4861 1769 4930 Juncta
1788 4865 1832 4918 est

1002 4935 1129 5009 primurn
1143 4934 1339 5008 Emporiensr,
1367 4933 1558 5007 quindecimo
1573 4936 1652 4989 sexto
1667 4934 1778 4989 seculo
1793 4934 1830 4990 ad

1001 5005 1160 5065 Castellum
1176 5008 1379 5079 Arragonansa
1407 5005 1562 5064 translata.
1579 5003 1686 5062 Partim
1706 5020 1743 5061 ee
1757 5003 1832 5062 Gns·

1001 5095 1082 5137 sunu.

1036 5151 1128 5208 uno.
1140 5148 1225 5209 XXX.
1235 5181 1270 5192 -
1279 5149 1319 5225 (a)
1331 5147 1437 5207 Tiberii
1449 5145 1633 5206 Constantini
1643 5145 1833 5219 imperatoris

1001 5221 1079 5291 filie,
1096 5239 1185 5297 quam
1206 5228 1287 5295 pater
1301 5221 1440 5279 Mauricio
1457 5235 1574 5277 uxorem
1589 5218 1678 5287 dedit,
1694 5219 1832 5303 dotisque

1000 5295 1065 5351 loco
1080 5294 1237 5367 imperium
1259 5293 1391 5350 tradidit.
1408 5296 1474 5349 Hae
1490 5298 1555 5364 post
1570 5305 1681 5346 necem
1695 5288 1831 5350 Maurusii

1000 5365 1186 5438 imperatoris
1198 5366 1235 5422 sb
1249 5365 1340 5438 impio
1354 5363 1453 5422 Pboca
1467 5364 1497 5420 in
1509 5360 1721 5420 monasterinm
1735 5364 1832 5436 primo

1000 5436 1131 5506 detrusa,
1159 5440 1222 5493 tum
1246 5442 1311 5509 post
1335 5451 1446 5493 annum
1474 5449 1541 5491 cunr
1571 5432 1668 5491 tribas
1696 5434 1830 5507 illlabus,

1000 5508 1133 5580 ejusdem
1148 5507 1266 5578 tyranni
1279 5510 1367 5591 jussu
1380 5507 1476 5566 occisa
1485 5510 1530 5562 est
1545 5520 1553 5574 ς
1569 5503 1655 5578 plura
1668 5504 1707 5563 da
1720 5522 1757 5577 ea
1766 5508 1832 5566 ride

1001 5579 1077 5653 apud
1093 5578 1249 5653 scriptores
1264 5579 1388 5637 brstorie
1403 5577 1578 5653 Byzantina.
1594 5575 1741 5641 Guseerru.
