3908 6156
127 368 189 430 845
416 364 692 430 unisubnsubu
717 363 789 425 LlB.
812 360 864 426 vl.
890 397 929 407 -
949 361 1100 425 lunius.
1124 359 1203 424 xlv.
1228 391 1266 408 -
1289 360 1414 424 nprsr.
1440 363 1546 425 thlt.
1776 371 1835 433 dib

131 501 286 574 episcopos
301 499 343 558 nti
355 498 555 573 paltinflnjus
566 498 698 557 Ecclesia
714 498 854 554 diaconus
867 496 958 552 Adeo·
972 496 1000 564 Α
1282 496 1454 553 usserunt
1474 497 1561 554 Lxll.

128 592 229 658 datus,
246 607 312 647 cum
329 606 375 647 me
390 606 441 664 pro
455 590 559 647 eadem
574 605 665 647 causa
694 587 808 644 sortiter
831 589 954 659 rogaret,
1240 603 1276 643 an
1295 602 1411 643 rsranu
1430 602 1601 645 nr1scoeuu.

124 677 866 755 jurejurandosatisfecitquiaqualeriuunnoutiin
887 676 955 732 lita·
1008 676 1274 748 Opportunnnbboti
1291 679 1383 733 sancti
1402 677 1509 734 Leontii
1530 677 1670 750 reliquias
1691 682 1831 740 concedet.

128 767 418 841 niispallioejusdem
431 767 486 825 loci
500 767 630 842 episcopi
645 767 787 824 solebant.
798 765 954 823 Pradictus
1045 764 1201 837 Gregorius
1218 769 1300 822 Petro
1316 764 1453 838 episcopo
1474 765 1668 839 Hydruutino.

128 866 227 916 antam
242 858 366 915 domnus
381 856 513 915 Andreas
528 858 557 913 in
573 855 706 929 epistolis
722 855 864 913 suisdicit
875 854 954 929 quin,
1045 858 1233 931 opportunus
1248 859 1337 914 abbas
1354 859 1526 914 monasterii
1541 861 1633 917 sancti
1648 862 1687 935 (o)
1707 863 1831 935 uontlt,

130 953 237 1023 praeter
251 947 523 1021 Ouadrngesimsm,
543 947 623 1005 omni
646 951 778 1019 ternpore
801 949 954 1002 Ravennae
1009 946 1089 1021 quod
1103 947 1132 1002 in
1148 948 1251 1020 quinto
1266 947 1403 1004 Romans
1417 948 1499 1004 urbis
1515 948 1654 1006 milliario
1670 951 1758 1009 situm
1776 959 1833 1024 est,

129 1037 285 1110 episcopus
298 1036 329 1091 iu
345 1035 455 1093 litaniis
464 1035 552 1110 pallio
567 1035 713 1093 utebatur.
723 1033 954 1107 Etipsasusserit
1008 1036 1221 1110 (b)sanctuaria
1232 1037 1363 1107 eiusdem
1376 1037 1512 1110 martyris
1524 1055 1588 1111 qnae
1598 1039 1634 1097 de
1643 1039 1773 1099 Ecclesia
1782 1058 1833 1100 no·

127 1126 247 1183 litanias
262 1124 420 1195 solemnes,
438 1142 509 1199 quas
521 1142 579 1183 non
596 1125 741 1182 erubescit
754 1126 849 1181 dicere
863 1123 955 1197 qunti·
1009 1125 1295 1199 miniipsiusdicata,
1312 1125 1467 1195 utustruit,
1485 1127 1562 1183 lurto
1573 1127 1671 1186 ablata
1682 1135 1762 1200 suut,
1773 1132 1833 1189 sibl

128 1214 244 1272 dianas.
260 1211 343 1273 Unde
357 1216 477 1272 omuino
498 1214 624 1271 miratus
640 1231 716 1272 sum.
732 1213 787 1270 Sed
803 1219 852 1269 tua
866 1230 954 1287 expe·
1008 1216 1103 1273 denuo
1118 1215 1247 1288 postulat
1267 1215 1372 1272 debere
1394 1215 1524 1286 concedi,
1549 1222 1582 1273 ut
1604 1218 1635 1274 in
1651 1218 1712 1277 loco
1727 1222 1830 1279 eodem

126 1303 232 1362 riculis
248 1302 357 1362 nullius
372 1320 537 1377 personam,
547 1302 659 1360 nullius
673 1303 760 1360 verba
770 1301 951 1372 consideret;
1008 1305 1214 1362 recondantur.
1231 1305 1265 1361 ut
1279 1304 1354 1374 ideo,
1366 1305 1647 1376 trstercbnrisaime,
1666 1310 1736 1382 quia
1750 1310 1831 1382 ejus·

128 1393 225 1452 solum
242 1394 294 1452 Dei
309 1396 444 1452 timorem
460 1398 488 1451 et
503 1392 709 1451 rectitudinem
720 1399 785 1451 aule
795 1391 953 1450 oculosba·
1007 1394 1074 1452 dem
1085 1392 1247 1451 beatissimi
1258 1393 1508 1467 martyrisco'rpus
1518 1395 1549 1451 in
1560 1395 1718 1455 Brundusii
1732 1398 1830 1456 Eucle-

123 1484 202 1556 beat,
218 1488 247 1541 ct
262 1484 391 1541 seniores
405 1499 554 1555 personas,
571 1486 600 1539 et
610 1483 741 1555 ejusdem
759 1482 891 1539 Ecclesia
906 1499 953 1537 ar·
1008 1483 1061 1555 siu,
1077 1484 1126 1540 cui
1139 1481 1317 1541 visitationis
1328 1482 1475 1554 impendis
1492 1483 1634 1555 oliloium,
1650 1503 1714 1544 esse
1727 1486 1831 1561 digno·

123 1572 341 1643 ebidiaconum,
359 1590 447 1645 quem
465 1589 523 1630 non
538 1576 674 1646 suspicor
689 1589 741 1647 pro
756 1572 876 1628 alterius
900 1571 951 1628 bo·
1010 1575 1101 1643 sciur,
1113 1572 1226 1646 prelati
1238 1571 1292 1629 viri
1313 1572 1470 1629 desideriis
1487 1589 1523 1629 ex
1546 1578 1647 1631 nostra
1660 1579 1689 1632 te
1704 1592 1832 1650 precep-

124 1679 197 1720 nore
214 1663 373 1736 periurare,
390 1667 419 1719 et
433 1660 505 1719 ulios
519 1662 710 1735 antiquiores,
731 1662 783 1735 qui
807 1661 837 1718 iu
862 1660 953 1718 sacris
1006 1661 1232 1721 tioneconvenit
1246 1662 1375 1733 obedire,
1391 1668 1424 1720 ut
1438 1663 1632 1722 indevotione
1654 1681 1744 1737 quam
1757 1682 1831 1738 pos·

123 1751 280 1810 ordinibus
295 1754 364 1808 ante
377 1751 497 1808 loannis
519 1751 647 1823 episcopi
672 1755 806 1824 tempora
825 1750 950 1818 luerunt,
1006 1751 1083 1809 tutat
1097 1753 1238 1810 sortiatur
1252 1751 1385 1809 ellectum
1401 1751 1447 1825 (c).

124 1840 325 1915 requiratis}
341 1840 366 1896 si
382 1841 432 1913 qui
460 1843 635 1897 maturiores
659 1846 726 1897 sunt
749 1844 830 1897 extre
853 1855 990 1949 sacrosB
1273 1858 1443 1915 gppspogp
1462 1858 1560 1918 thllt.

122 1931 246 1989 ordines
258 1935 305 2001 ,et
319 1930 629 2002 veniuntantscorpus
642 1929 735 1986 sancti
760 1928 948 2002 Apollinaris,
1213 1965 1251 2006 A„
1271 1964 1434 2007 mmm„
1454 1965 1619 2008 mmmm,

122 2025 154 2077 et
164 2024 242 2077 lactc
253 2020 316 2090 ejus
327 2017 461 2092 sepulcro
468 2021 570 2088 iurent
590 2036 653 2091 qua
678 2020 859 2076 cousuetudo
882 2024 949 2075 ante
1003 2039 1314 2112 Qmfflurimpeppum
1338 2040 1459 2096 pappum
1480 2044 1637 2112 opimum
1657 2059 1692 2098 Μ
1715 2043 1827 2103 pom

119 2109 249 2168 loannis
263 2108 392 2182 episcopi
409 2114 541 2181 tempora
561 2110 658 2180 inerit,
683 2109 762 2182 quia,
788 2109 864 2165 sicut
878 2109 949 2180 scis,
1039 2115 1154 2170 ueniret.
1170 2112 1214 2180 Se,
1226 2111 1274 2166 ubi
1287 2112 1411 2180 primam
1428 2127 1464 2167 aa
1481 2113 1575 2168 morbo
1592 2115 1772 2186 consuluerit,
1794 2118 1826 2174 ia

117 2199 254 2256 idamvir
264 2199 390 2255 multum
401 2203 597 2272 presumptor
607 2198 729 2267 exstitit,
746 2210 774 2256 et
789 2199 881 2256 multa
892 2198 948 2255 sibi
1037 2200 1130 2241 mm
1144 2183 1223 2240 imm
1242 2184 1604 2255 ⁶⁰9'12'21'0'201'0mmm·

119 2288 351 2361 persuperbiam
368 2287 528 2343 conabatur
544 2303 688 2360 arrogare.
705 2287 782 2345 8⁸8
802 2288 837 2344 lit
861 2287 948 2360 quid·
1038 2290 1192 2363 Gregorius
1205 2290 1356 2346 Gennadio
1371 2289 1493 2364 patricio
1507 2291 1620 2348 Atrion.

117 2376 192 2450 quid
204 2375 363 2434 afldalibus
373 2374 442 2431 viria
452 2383 480 2431 et
495 2377 774 2449 gravibusJuratum
787 2377 884 2443 tuerit,
900 2392 945 2433 ae·
1036 2379 1241 2437 Excellentiam
1256 2382 1382 2436 vestram
1400 2396 1457 2435 non
1473 2380 1649 2452 ambigimus
1664 2382 1825 2458 reminisci,

118 2465 255 2522 cundum
271 2462 738 2535 indicatumquieubterannexus
748 2469 793 2523 est
803 2464 946 2523 boevolu-
1001 2470 1071 2542 quin
1081 2472 1148 2526 ante
1163 2467 1314 2526 biennium
1326 2485 1378 2541 pro
1390 2467 1478 2526 Paulo
1498 2468 1587 2526 tratre
1610 2474 1640 2526 et
1653 2472 1826 2546 coepiscopo

121 2572 192 2613 mus
219 2555 250 2614 in
275 2558 377 2616 eadem
401 2557 533 2616 Ecclesia
561 2557 735 2615 conservari.
761 2558 814 2614 Sed
833 2556 896 2613 ride
911 2570 947 2613 ne
1001 2564 1101 2617 nostro
1110 2559 1295 2633 scripsimus,
1313 2565 1344 2614 ut
1359 2557 1385 2616 ei
1395 2558 1430 2614 ad
1445 2575 1499 2616 nos
1510 2559 1606 2616 venire
1617 2560 1694 2617 8⁸0
1709 2562 1826 2619 deside·

122 2646 306 2721 negligenter
320 2664 401 2722 agas,
422 2666 458 2705 ne
474 2648 539 2721 quis
554 2647 642 2704 tidem
659 2651 740 2704 tunm
757 2655 805 2703 aut
820 2645 946 2703 dovotio·
1001 2648 1078 2706 ranti
1093 2648 1247 2720 dignitatis
1258 2656 1358 2704 vestras
1369 2648 1511 2722 sutfragia
1522 2649 1701 2721 preberetis,
1718 2650 1754 2707 ob
1771 2652 1824 2710 boc

122 2753 193 2795 nem
208 2742 291 2794 tuam
308 2737 338 2794 iu
365 2739 418 2795 bac
441 2756 529 2796 causa
553 2741 731 2810 corrumpat,
755 2736 848 2794 nolum
869 2736 947 2794 anim
1000 2739 1078 2810 quod
1091 2737 1274 2794 annuntietis
1285 2736 1476 2794 insecutionis
1492 2737 1643 2795 dicebatur
1657 2740 1823 2798 molestiam

121 2834 205 2883 tuum
221 2826 293 2886 scio.
305 2828 364 2901 Age
379 2827 512 2894 sollicite,
531 2827 570 2883 ita
584 2830 681 2883 tamen
699 2831 731 2883 ut
747 2827 884 2899 predicta
897 2826 947 2882 itc-
999 2826 1301 2897 sustinere,qualeuus
1311 2825 1580 2899 (alpostquamillic
1590 2833 1766 2887 cumcontra
1773 2845 1823 2887 cos

119 2914 211 2973 closis
226 2920 326 2973 contre
337 2916 487 2991 justitiam
502 2933 560 2973 non
576 2920 722 2988 gravetur,
742 2917 792 2972 sed
807 2932 880 2972 usus
894 2914 947 2988 qui
1000 2916 1169 2974 nuntiatum
1180 2923 1224 2971 est
1234 2914 1342 2972 habere
1352 2915 1516 2972 subsidium
1529 2932 1587 2973 uon
1599 2933 1693 2989 posse,
1709 2917 1825 2988 cognita

117 3003 323 3063 antelucanis
340 3005 469 3080 episcopi
490 3010 621 3079 tempora
631 3005 741 3063 exstitit
754 3003 779 3062 ci
795 3020 944 3063 conserve·
999 3007 1131 3077 veritate,
1144 3007 1273 3063 fraterna
1286 3006 1312 3063 ei
1328 3006 1529 3077 compassione
1537 3006 1735 3079 potuissemus
1749 3008 1824 3068 terre

115 3099 177 3151 tur.
194 3094 336 3152 Personas
352 3099 524 3154 autemnon
540 3096 626 3164 duna,
643 3094 686 3151 val
703 3103 759 3152 tres
776 3095 811 3151 ad
827 3094 944 3151 satiata·
1000 3095 1207 3156 consultumet
1217 3095 1328 3152 salubri
1339 3094 1530 3167 dispositione
1544 3097 1614 3169 quid
1626 3103 1728 3156 contra
1737 3098 1825 3172 pesti·

115 3183 254 3241 ciendum
268 3183 332 3257 tibi,
348 3185 400 3242 aed
416 3188 544 3258 quantas
553 3184 734 3257 antiquiores
753 3187 782 3241 el
798 3184 946 3256 graviores
1002 3188 1068 3245 tere
1081 3184 1318 3260 presumptionis
1330 3184 1476 3242 insaniem
1488 3185 1639 3243 debuisset
1649 3186 1712 3246 deri
1724 3192 1825 3246 tracta·

117 3270 400 3346 inrenerisrequirs,
417 3279 449 3330 ut
460 3289 554 3346 neque
566 3274 642 3346 quod
655 3289 723 3330 usus
734 3274 788 3330 tuit
798 3273 947 3345 antiquior
962 3258 983 3328 G
1002 3277 1147 3335 remuslit
1162 3279 1306 3349 quantum
1320 3274 1403 3332 nobis
1414 3274 1666 3348 pradictusirater
1681 3275 1821 3348 inuoluit,

118 3360 216 3418 eidem
230 3361 565 3436 Ecclesiredensgemua,
580 3379 673 3437 neque
693 3363 853 3435 quodnovo
868 3378 942 3419 ausu
998 3367 1161 3425 noneolnm
1173 3365 1288 3423 nullum
1307 3363 1413 3421 meruit
1427 3364 1603 3437 cuiusquam
1620 3365 1724 3423 babere
1738 3365 1818 3425 sola·

115 3451 281 3525 appetitum
292 3456 336 3509 est
345 3452 614 3509 concedamusssd
623 3452 723 3510 omnia
731 3468 783 3525 age
798 3452 904 3509 blande
915 3455 944 3508 et
996 3456 1082 3524 tium,
1095 3456 1133 3529 (i)
1146 3456 1196 3513 sed
1214 3454 1388 3511 neimmune
1398 3453 1433 3510 ad
1445 3453 1606 3512 Romanam
1618 3456 1761 3527 potuisset
1771 3471 1820 3513 ur·

113 3540 250 3609 dulciter,
263 3545 296 3598 ut
310 3542 426 3599 utactio
438 3542 724 3613 luadislrictasit,st
741 3542 840 3611 lingua
851 3541 941 3599 mitis.
996 3545 1063 3603 bem
1075 3544 1222 3611 accedere,
1238 3542 1352 3600 diverso
1362 3546 1408 3599 est
1422 3543 1631 3615 impedimento
1641 3543 1818 3618 prohibitus.

114 3630 309 3704 Spatamqua
319 3630 378 3687 illic
393 3631 576 3695 dimisseest.
587 3630 665 3688 sicut
675 3631 736 3704 jum
750 3631 862 3704 pridem
871 3630 943 3688 scri·
996 3636 1048 3695 Cui
1060 3634 1368 3691 tumendumvestrum
1378 3631 1817 3705 retegiieoissemusepistolam‚
1924 3638 1927 3643 '

114 3721 241 3793 primus,
252 3724 470 3785 tecumrevoca,
488 3725 517 3776 et
528 3719 582 3777 boc
597 3722 673 3793 quod
685 3720 738 3776 tibi
754 3721 832 3777 filius
844 3726 944 3777 noster
996 3723 1148 3798 respondit
1160 3739 1192 3779 sc
1202 3739 1259 3779 nou
1269 3723 1463 3794 quorumdam
1474 3721 1638 3795 odio,quia,
1653 3722 1820 3783 Donatistae

115 3809 286 3867 bonifacius
301 3811 492 3880 discendant
504 3811 550 3865 vir
565 3810 739 3881 magnificus
758 3810 943 3868 Maurentius
996 3812 1161 3882 cohibebat,
1174 3810 1315 3880 laborare,
1329 3811 1380 3866 sed
1393 3810 1486 3884 magis
1505 3828 1556 3884 pro
1581 3811 1748 3870 detonsione
1768 3830 1817 3871 ca·

114 3897 314 3956 chartularius
329 3899 458 3971 scripsit,
475 3897 598 3955 sollicite
614 3898 740 3955 attende.
996 3898 1818 3975 thoticassdeimultnrumperbibetiugratitudinessusti·

149 3986 224 4045 iuro
239 4003 291 4059 ego
307 4003 359 4062 per
374 3992 534 4057 Patrem‚et
551 3987 665 4055 Filium,
681 3996 708 4044 et
723 3987 864 4060 Spiritum
877 4005 943 4046 san·
997 4010 1083 4062 nere;
1100 3991 1253 4063 multaque
1267 3989 1323 4047 alia
1339 3988 1448 4060 retulit,
1465 4008 1542 4066 qnae,
1557 3994 1698 4066 quoniam
1714 3999 1818 4068 aptum

114 4075 438 4148 otum,inssparabilem
448 4077 552 4132 divina
568 4076 704 4150 potentiae
719 4077 903 4147 Trinitatem,
914 4082 943 4134 et
996 4081 1234 4154 dicenditempus
1246 4097 1302 4139 non
1313 4079 1599 4154 exstitit,(otsilenlio
1615 4083 1738 4142 retinere
1748 4100 1822 4159 prs·

114 4162 171 4223 boe
183 4180 291 4238 corpus
302 4166 381 4223 besti
393 4165 572 4238 Apollinaris
588 4167 732 4236 martyris,
750 4183 795 4225 me
810 4184 861 4239 pro
877 4168 943 4224 nnl-
996 4172 1130 4230 vidimus.

114 4253 174 4312 lius
186 4256 285 4313 lavore
301 4271 445 4328 persons,
461 4270 556 4330 nequa
568 4254 721 4314 commodo
736 4254 834 4329 aliquo
856 4257 945 4315 inter·
1034 4262 1109 4328 Ouia
1120 4277 1187 4335 ergo
1198 4276 1257 4318 non
1269 4259 1304 4318 de
1314 4259 1400 4319 rebus
1410 4261 1596 4332 terrenis,ssd
1607 4263 1643 4321 de
1654 4263 1821 4325 animarum

114 4344 249 4401 veniente
259 4344 372 4403 testari.
387 4347 441 4403 Sed
462 4345 517 4401 boo
537 4345 608 4413 ecio,
632 4349 662 4402 et
675 4361 727 4418 per
740 4346 944 4420 memetipsum
999 4351 1252 4417 salutetrsctatur,
1269 4356 1298 4407 et
1317 4355 1412 4408 vestra
1435 4357 1522 4425 atque
1542 4352 1746 4412 illiusdiversa
1759 4354 1819 4412 exi·

120 4433 256 4508 cognovi,
272 4435 342 4506 quia
356 4438 424 4491 ante
436 4442 568 4507 tempora
581 4433 706 4491 loannis
721 4436 869 4507 quondam
885 4436 944 4506 epi·
1000 4442 1051 4499 stit
1067 4440 1202 4510 assertio,
1218 4438 1292 4498 nibil
1309 4439 1472 4498 indiscussa
1489 4442 1607 4498 veritate
1618 4441 1821 4502 subtiliterre·

115 4524 197 4596 scopi
223 4523 378 4581 &vennas
402 4525 567 4597 episcopus,
591 4528 734 4594 presente
755 4525 941 4596 apocrisiario
1000 4530 1145 4601 spondere
1157 4529 1320 4600 potuimus,
1336 4530 1404 4603 quia
1425 4537 1553 4601 tempore
1572 4546 1632 4604 quo
1647 4531 1822 4590 excellentia

116 4612 369 4686 sedisapostolicae
376 4613 425 4671 illo
435 4612 589 4686 atqueitln,
599 4611 816 4686 illisatqueillis
827 4614 941 4685 diebus,
957 4637 981 4704 D
999 4624 1102 4678 vestra
1118 4618 1227 4692 scriptu
1242 4620 1438 4693 suscepimus,
1454 4620 1583 4693 corporis
1593 4622 1767 4695 egritudine
1781 4630 1823 4680 ta-

116 4701 690 4775 consuetudinemutendipalliohabuit,
710 4707 738 4758 et
754 4719 810 4759 non
822 4704 942 4776 cognovi
1000 4708 1209 4767 nabnmur.Sed
1220 4707 1290 4764 dum
1310 4724 1363 4764 nos
1381 4709 1566 4781 omnipotens
1581 4708 1668 4778 Deus,
1684 4711 1707 4766 si
1719 4711 1745 4768 ei
1760 4711 1822 4783 pla·

117 4789 396 4864 quiahoolatenter,
406 4791 449 4848 vel
463 4792 584 4849 absente
600 4789 792 4865 apocrisiario
804 4808 946 4865 usurpas·
999 4796 1328 4869 cuerit,pristiuesaluti
1339 4796 1509 4866 reddiderit,
1522 4798 1673 4856 veritatem
1688 4799 1823 4873 diligenti

115 4883 172 4939 sel.
189 4879 244 4954 (Gi.
259 4881 342 4937 loen·
358 4880 443 4937 Dias·
460 4878 481 4936 l·
497 4896 537 4953 lv,
551 4897 581 4936 n·
597 4879 638 4954 b.)
1000 4895 1033 4948 nt
1042 4904 1202 4962 possumus
1216 4887 1403 4962 inquisitione
1418 4887 1600 4946 rimabimur.
1609 4889 1644 4946 ut
1658 4892 1821 4950 secuudum

156 5058 253 5116 denar.
270 5057 345 5116 LXll
355 5058 411 5184 ψ.
420 5059 466 5129 73,
481 5057 543 5116 ind.
553 5058 592 5132 l].
606 5058 686 5132 —(o)
710 5060 742 5116 In
762 5059 873 5129 Neam,
883 5062 947 5120 Col·
1001 5075 1059 5132 quo
1071 5062 1168 5116 tamen
1181 5061 1278 5115 utrum
1289 5056 1349 5114 bac
1360 5059 1499 5130 temporis
1514 5061 1582 5116 nota
1597 5058 1634 5117 sd
1650 5065 1822 5135 sequentem

117 5131 195 5189 bert.
206 5134 236 5188 et
249 5132 346 5188 tribus
381 5132 446 5188 atio.
463 5133 497 5201 A,
508 5136 540 5199 t),
551 5130 582 5196 n,
593 5134 684 5187 suncti
693 5131 795 5189 leucii.
812 5136 844 5190 lu
856 5135 945 5194 istic.
1001 5129 1334 5203 epistotamacilicetlt,
1347 5130 1447 5186 indict.
1460 5131 1489 5197 i,
1500 5131 1585 5199 justa
1596 5131 1666 5189 alias
1677 5133 1823 5192 editiones

116 5206 152 5273 B,
168 5205 265 5259 suncti
279 5203 431 5260 tnurmtii.
1002 5204 1195 5276 pertinentur
1204 5203 1309 5328 potius
1320 5202 1355 5258 ad
1369 5206 1540 5272 presentem
1564 5207 1649 5260 Petro
1673 5206 1825 5278 scriptam,

156 5275 196 5345 (l)
207 5273 260 5331 llic
269 5272 565 5348 persanctuariatnm
579 5274 655 5331 iurto
667 5274 947 5342 ablata,tumdenuo
1002 5292 1067 5349 que
1081 5292 1160 5346 prius
1174 5276 1200 5327 in
1226 5274 1326 5330 ictioni
1342 5273 1359 5328 i
1373 5274 1590 5340 accensebatur,
1606 5275 1790 5349 ambiguum.

119 5361 272 5414 concessa,
287 5346 504 5418 velumaliquod
515 5362 565 5402 seu
573 5346 736 5403 brandeum
749 5349 822 5406 torte
838 5348 947 5408 intelli·
1038 5347 1133 5404 Erras.
1151 5342 1236 5401 Lliltl
1251 5343 1417 5416 [st.ot].-
1429 5344 1530 5416 (utilio
1541 5344 1623 5402 locus
1639 5345 1668 5402 in
1689 5348 1754 5405 aliis
1771 5349 1829 5403 llx-

119 5416 178 5491 git.
194 5415 328 5474 Videlib.
354 5435 392 5482 ιν,
408 5417 495 5490 epist.
509 5418 582 5474 3001
597 5418 760 5474 Mabitlnnii
784 5422 894 5493 praelat.
911 5423 947 5479 ad
1003 5418 1082 5475 cusis
1098 5421 1143 5474 est
1152 5418 1368 5498 corruptus,ubi
1379 5416 1483 5488 legitur
1491 5422 1635 5499 postquam
1648 5418 1714 5476 dum
1732 5424 1832 5474 eontra

118 5489 286 5547 secundnm
297 5506 365 5546 sac.
382 5488 500 5552 Bened..
515 5489 718 5546 observatione
734 5492 760 5547 8.
1002 5505 1058 5558 eos,
1075 5499 1139 5558 etc,
1156 5488 1185 5544 iu
1201 5487 1644 5561 quibusexplicandisqursnon
1666 5489 1797 5547 assurin
1816 5488 1834 5544 t

153 5561 193 5631 (c)
204 5559 234 5617 ln
244 5560 395 5644 dnelnxta
405 5561 479 5617 atius
490 5560 569 5617 ltdit.
586 5559 768 5632 legiturdotn
782 5578 876 5619 mense
889 5566 949 5620 Aa·
1041 5562 1081 5634 (b)
1096 5558 1475 5630 Recsut.‚sedmrnime.lluo
1486 5557 1592 5630 vatio,
1602 5558 1838 5628 rederarinime3

112 5634 207 5707 gasti,
221 5630 373 5691 tuberone
390 5632 417 5690 i.
433 5632 518 5698 Quod
536 5631 644 5690 unicus
659 5639 775 5691 tantum
790 5634 858 5691 cod.
875 5635 951 5692 eva·
1006 5634 1083 5704 quod
1113 5634 1199 5688 etiam
1227 5631 1334 5704 legitur
1352 5633 1384 5690 in
1399 5641 1453 5690 rat.
1469 5631 1520 5689 ud.
1536 5630 1693 5704 Sequimur
1710 5631 1845 5703 libem,

116 5703 172 5763 tie.
183 5702 530 5778 abbandunensis
541 5703 720 5778 tacentibus,
731 5705 951 5777 imcomnibns,
1004 5700 1220 5775 corb.,iiorm.

118 5773 233 5851 quibus
246 5775 293 5833 nst
316 5790 432 5843 sumus,
448 5777 474 5834 st
495 5792 573 5837 nnus
588 5776 752 5849 excipiatur
764 5776 906 5852 colbert,
921 5778 953 5836 iu
