3908 6156
1093 40 1124 43 ··
1174 40 1306 59 ww...-

124 272 182 332 aut
722 263 864 326 SAb‘C'l'l
886 264 1076 327 eusoutttt
1098 263 1225 327 Manat
1766 262 1826 325 808

125 401 228 473 synodi
244 400 383 472 requirat,
399 405 427 456 et
442 399 501 456 illic
516 399 582 455 inde
597 398 692 455 videat
702 397 727 454 si
743 397 811 470 quid
825 396 882 454 talc
897 397 944 453 iu·
961 399 987 465 Α
1002 397 1115 454 animas
1129 395 1398 468 suassolagravare
1409 396 1559 453 voluntate
1569 395 1770 451 tantammodo
1780 410 1827 451 vo·

125 491 251 556 venitur,
265 489 396 559 mihique
411 488 690 545 eumdemCodicem
702 503 788 559 quem
802 486 946 544 invenerit
1002 486 1159 559 luerinttb)
1173 485 1232 542 Nos
1241 484 1349 557 itaquo,
1360 484 1436 540 lacto
1445 482 1580 551 concilio,
1591 483 1664 541 sient
1673 489 1824 555 gestorum

124 580 312 646 transmittat,
328 594 413 648 quem
430 593 497 632 mor
513 582 545 632 ut
560 576 655 648 legero
671 575 946 632 retransmittoNo-
1002 574 1080 648 apud
1105 591 1158 633 nos
1184 574 1352 630 habitorum
1374 578 1456 629 tenor
1478 572 1615 640 ostendit,
1641 577 1746 629 cuncta
1763 587 1826 645 qna

125 667 168 723 vis
183 667 259 722 enim
275 665 427 721 [lodicibus
444 665 554 735 passim
571 681 628 720 nori
651 663 760 731 credat,
787 680 820 719 cx
836 678 893 735 que
915 678 945 719 re
1001 671 1084 722 eraut
1100 660 1417 721 necessarissubtiliter
1428 669 1641 734 perscrutantes
1652 678 1686 718 ac
1697 665 1826 719 tractau-

125 755 233 812 dubius
248 754 426 819 factussnm,
437 760 466 809 ot
477 752 846 809 nibilsdhucroluidebac
857 767 947 808 causa
1002 757 1056 821 tes,
1070 750 1734 825 quoniamionulloantedictumpresbyterum
1743 766 1826 808 reum

125 844 262 919 predicto
277 844 358 900 fratri
374 858 438 899 meo
452 842 556 898 Juanoi
570 842 705 912 episcopo
717 841 946 897 rescriberetto·
1002 842 1136 899 invenire
1151 840 1313 914 potuimus,
1324 839 1469 913 precipue
1478 839 1545 912 quia
1553 838 1766 912 libellusqnem
1777 838 1827 895 da·

126 933 206 990 mani
222 936 320 990 aulem
336 930 455 988 Codices
480 931 571 986 multo
597 931 721 988 veriores
742 936 811 986 sunt
828 929 946 996 Grauis,
1001 927 1574 1003 legatisavobisjudicibusobtulitrecte
1585 927 1653 985 fidei
1664 926 1827 1001 peremnia

122 1024 169 1097 (fr)
180 1022 250 1095 quia
262 1038 314 1078 nos
324 1025 420 1077 restra
431 1024 508 1077 sieut
519 1038 575 1076 nun
587 1020 733 1090 acumina,
744 1019 784 1075 ita
793 1034 845 1075 nec
856 1019 947 1091 impo-
1001 1019 1162 1077 sinceritati
1173 1018 1339 1085 concordat,
1349 1033 1383 1074 sa
1394 1017 1824 1090 proptereorumdemjudicum

127 1118 227 1169 sturas
243 1110 395 1167 babemus.
1002 1111 1193 1184 reprobantes
1206 1108 1391 1174 sententiam,
1405 1112 1504 1163 nostra
1518 1123 1585 1163 eum
1600 1106 1772 1163 definitione
1782 1122 1826 1163 ca·

162 1201 203 1258 De
217 1202 327 1258 toanne
341 1216 407 1257 vero
423 1199 591 1271 presbytero
608 1197 773 1270 cognoscite
788 1196 947 1269 quiaillius
1002 1199 1142 1255 tholicnm
1158 1204 1187 1254 st
1201 1198 1281 1255 omui
1297 1198 1430 1254 heretico
1454 1197 1576 1253 crimine
1600 1196 1724 1253 liberum
1749 1212 1823 1265 esse,

125 1307 215 1349 causa
228 1307 278 1362 per
291 1288 540 1362 synodumdeciaa
556 1295 608 1356 est,
620 1287 819 1359 inquaaperte
826 1285 947 1358 cognovi
1000 1288 1109 1345 christi
1123 1287 1173 1344 Dei
1189 1285 1389 1359 Redemptoris
1404 1284 1492 1342 nostri
1508 1285 1602 1357 gratia
1616 1285 1826 1353 revelantem·

126 1380 196 1453 qnia
210 1379 274 1449 eius
285 1377 461 1447 adversarii(
465 1378 486 1447 t)
497 1393 564 1432 oum
573 1376 664 1432 lacere
671 1375 838 1431 hereticum
848 1375 947 1431 volne-
1003 1378 1212 1435 nuntiavimus.
1224 1379 1314 1444 Quem
1325 1375 1464 1450 qnoniam
1474 1375 1509 1430 ad
1521 1380 1646 1433 vestram
1655 1374 1825 1431 retransmi-

127 1474 196 1526 rnnt
207 1473 236 1524 ot
249 1467 298 1523 diu
310 1467 406 1522 conati
421 1471 502 1532 sunl,
513 1464 566 1521 sed
577 1463 875 1536 minimepotuerunt.
893 1466 948 1519 tle·
1002 1465 1094 1523 simos
1105 1468 1300 1535 sanctitatem,
1316 1470 1424 1536 oportet
1441 1470 1474 1521 ut
1488 1480 1567 1531 eum,
1583 1462 1823 1520 sicntsecunetis

126 1567 213 1625 atros,
229 1557 279 1629 qui
296 1555 385 1611 nostri
400 1560 479 1621 suot,
495 1570 560 1610 mea
574 1553 636 1610 vice
650 1552 783 1618 salutate,
799 1557 828 1609 el
843 1551 947 1621 nostri,
1002 1554 1129 1624 exbibet,
1144 1554 1270 1627 benigne
1285 1553 1437 1627 suscipiat,
1453 1563 1480 1610 et
1495 1552 1664 1610 charitalem
1676 1553 1720 1609 illi
1730 1569 1824 1610 saeer-

126 1648 175 1722 qui
190 1649 279 1705 vestri
291 1651 368 1714 sunt,
381 1662 431 1718 por
440 1662 486 1701 mo
496 1662 547 1702 vus
563 1646 688 1701 multum
700 1644 840 1701 salutant.
849 1644 949 1701 Omni·
1002 1643 1128 1701 dotalem
1139 1644 1300 1717 impendat,
1313 1649 1400 1715 atquo
1410 1660 1426 1699 a
1437 1652 1542 1699 cuncta
1556 1659 1623 1699 oum
1633 1642 1825 1716 inquetudino

126 1746 229 1812 potens
243 1741 317 1792 Deus
331 1751 385 1790 sna
402 1740 429 1790 te
445 1751 534 1791 manu
546 1734 621 1790 iuter
636 1734 789 1805 totspinas
805 1737 946 1806 protegat,
962 1778 985 1843 B
1003 1737 1130 1801 tueatur,
1141 1748 1194 1789 nec
1206 1732 1824 1805 quemquamseinejusmolestiaoocupare

126 1831 159 1883 ut
172 1843 220 1883 eos
232 1824 433 1893 illmsus,qaos
446 1823 584 1879 Dominus
596 1823 692 1896 elegit,
701 1822 785 1880 llores
796 1822 946 1895 decerpas.
1005 1821 1164 1895 permittat,
1174 1822 1223 1877 sed
1235 1822 1311 1878 sicut
1322 1821 1395 1878 ulios
1406 1823 1442 1878 ab
1454 1822 1645 1895 oppressione
1655 1820 1823 1888 defenditis,

125 1915 204 1988 (Vide
218 1914 314 1971 indict.
330 1912 374 1978 t5,
394 1930 436 1985 cp.
452 1913 497 1967 31.
514 1912 555 1983 Cf.
571 1913 649 1969 lonis.
662 1913 736 1968 ltine.
754 1912 772 1966 l.
791 1930 828 1982 rr,
844 1930 873 1968 n.
888 1910 948 1983 36.)
1001 1909 1043 1968 its
1058 1911 1127 1967 boio
1141 1915 1238 1967 vestre
1253 1911 1425 1967 subtrahero
1440 1910 1544 1967 solatia
1554 1926 1610 1966 oon
1622 1909 1828 1981 debeatis.(0f.

410 2016 583 2075 EPISTOLA
602 2017 661 2074 xv.
1000 2004 1083 2059 forn.
1106 1999 1183 2055 vinc.
1202 1997 1223 2054 l.
1240 2016 1281 2070 iv,
1301 2015 1331 2057 u.
1348 2000 1405 2069 36).

343 2126 378 2165 nn
397 2123 529 2165 rouunsu
555 2123 727 2164 srrscoruu.
1276 2125 1454 2183 EPISTOLA
1474 2124 1550 2183 xvi,

123 2204 255 2260 lentiorem
270 2199 460 2270 presbyterum
476 2196 572 2267 inr'quc
585 2196 751 2252 damnatum
763 2195 886 2261 obrnluil,
902 2201 950 2251 ct·
1481 2251 1486 2259 ,
1533 2251 1543 2261 ἡ

160 2287 212 2346 que
225 2272 259 2327 nb
273 2270 350 2326 omui
364 2270 493 2324 hereseos
507 2266 568 2323 lube
581 2284 684 2337 purum
696 2267 853 2324 denuntiat.
867 2268 949 2322 llum·
1211 2250 1247 2290 ΑΒ
1268 2249 1432 2291 ”mmm
1452 2250 1615 2291 mmm·

159 2346 220 2399 dere
230 2344 404 2398 commemini
417 2339 520 2396 loanni
542 2339 667 2410 episcopo
696 2338 949 2410 Constantinopoli·
1002 2342 1136 2398 loorrnem
1151 2341 1341 2412 presbyterum
1354 2356 1465 2411 prorsus
1479 2340 1652 2397 moecenatem
1666 2341 1767 2414 alprat·
1779 2340 1822 2397 dc·

161 2422 237 2470 tono.
1090 2411 1231 2469 ernouclut
1245 2412 1738 2484 lraereetobuoriamnonpcemittuc.

160 2520 319 2592 Gregorius
335 2518 440 2576 loanni
455 2516 591 2590 episcopo
616 2516 948 2588 Constantinopolitano.
1038 2520 1196 2593 Gregorius
1211 2519 1351 2576 Mauricio
1361 2521 1502 2593 Augusto.

158 2610 239 2665 Sicut
251 2608 453 2664 baereticorum
468 2605 594 2677 pravitas
607 2605 670 2663 zelo
685 2614 770 2663 recta
785 2605 851 2663 fidei
867 2623 948 2663 eom·
1038 2609 1230 2665 Camsincera
1240 2608 1270 2664 in
1280 2608 1375 2675 robis,
1386 2606 1637 2665 christianissime
1651 2608 1824 2681 principum,

124 2698 288 2772 primenda,
305 2695 345 2753 ita
358 2712 433 2752 reris
448 2695 641 2751 confessionis
655 2699 700 2751 ost
715 2694 865 2765 integritas
886 2712 948 2751 sm·
1003 2698 1082 2754 velut
1097 2697 1240 2754 emissum
1255 2697 1370 2754 coelilus
1391 2698 1491 2768 jubar,
1507 2698 1576 2754 udet
1600 2698 1747 2754 rectitudo
1767 2713 1826 2753 ras·

124 2786 287 2860 plectenda.
305 2785 376 2843 Nam
392 2785 417 2840 si
433 2784 510 2841 eradi
527 2782 649 2840 fideliter
664 2783 816 2841 confitenti
828 2783 949 2855 despici·
1002 2786 1151 2860 plendeat,
1169 2801 1295 2859 curaque
1318 2791 1419 2842 notum
1435 2788 1475 2844 sit
1489 2786 1625 2844 omnibus
1639 2787 1823 2844 serenitatem

124 2880 183 2946 tur,
195 2884 367 2933 cunctorum
378 2872 407 2929 in
419 2872 540 2929 dubium
552 2873 624 2929 fides
635 2873 801 2943 adducitur,
809 2875 947 2945 atqueer·
1003 2881 1129 2933 vestram
1141 2875 1283 2948 integram
1299 2875 1510 2949 professionem
1522 2893 1580 2950 qua
1590 2880 1648 2934 Deo
1662 2874 1754 2948 pollet
1764 2893 1826 2951 pro·

125 2982 207 3023 rores
223 2962 362 3021 mortiferi
377 2979 412 3019 ea
428 2961 740 3019 incautudistrictione
759 2967 947 3035 generantur.
1004 2964 1073 3037 pitin
1087 2964 1274 3022 vehementer
1288 2964 1426 3038 amplecti
1450 2971 1478 3023 et
1500 2971 1558 3023 toto
1581 2966 1669 3023 corde
1694 2966 1827 3040 diligere,

124 3056 159 3111 m
171 3055 241 3110 hinc
256 3069 315 3109 noo
332 3051 427 3109 solum
443 3055 574 3107 errantes
588 3066 655 3107 ores
665 3051 701 3106 od
717 3050 813 3106 caulas
827 3051 946 3109 minime
1006 3052 1208 3108 necessarium
1225 3068 1290 3109 esse
1303 3052 1385 3109 valde
1400 3054 1602 3127 perspeximus
1618 3069 1670 3126 pro
1693 3054 1739 3110 bis
1754 3070 1826 3127 quos

121 3142 284 3200 dominicas
296 3138 537 3206 revocantur,sed
553 3137 638 3195 etiam
649 3138 726 3195 intro
738 3139 838 3211 posite
848 3139 948 3197 ferinis
962 3144 989 3210 C
1005 3157 1064 3197 una
1078 3142 1237 3213 eademque
1248 3141 1825 3216 tidesillustratsuggerendodeposcere,

122 3229 261 3288 dentibus
272 3228 415 3284 laniando
427 3224 583 3283 crudeliter
592 3231 788 3299 exponuntur.
797 3225 855 3282 lino
865 3243 945 3299 ergo,
1005 3235 1151 3303 quatenus
1162 3229 1347 3287 dominorum
1359 3232 1450 3303 pietas
1459 3248 1513 3288 sna
1522 3248 1572 3289 eos
1580 3232 1675 3305 grstia
1684 3236 1826 3306 proteget,

122 3321 212 3377 frater
226 3317 409 3385 charissime,
435 3314 584 3371 subtiliter
605 3316 832 3388 perpendamus,
848 3320 876 3371 et
891 3316 945 3373 sub
1001 3327 1030 3375 ot
1045 3320 1081 3375 ab
1096 3320 1177 3376 omni
1195 3318 1466 3377 molestiatueatnr.
1483 3321 1698 3385 Quorumdam
1714 3322 1826 3379 confes·

122 3418 258 3484 praetextu
275 3406 395 3463 heresis
411 3404 501 3477 alitigi
520 3404 688 3476 quempiam
703 3404 842 3461 veraciter
856 3407 946 3477 proll·
1001 3408 1113 3464 sionem
1130 3408 1248 3480 quidam
1263 3408 1440 3482 despiciunt,
1457 3426 1528 3467 rere
1543 3410 1609 3467 fidei
1625 3412 1824 3468 contradicere

121 3501 230 3555 tentem
247 3496 333 3552 lldcm
349 3492 589 3551 catholicemnon
601 3493 744 3555 sinamus,
757 3510 792 3548 uu
803 3494 881 3566 quod
894 3494 945 3551 ab·
1000 3499 1147 3555 videntur.
1163 3499 1236 3555 Nam
1254 3514 1319 3557 cnm
1332 3501 1390 3556 oris
1404 3502 1615 3559 confessionem
1640 3503 1705 3559 lteri
1720 3506 1826 3559 clamet

121 3586 168 3658 sit,
183 3585 315 3642 heresim
333 3582 396 3639 fieri
420 3582 473 3638 sub
495 3581 708 3638 emendationis
734 3583 826 3654 magis
848 3582 945 3656 specie
1003 3588 1159 3660 Apostolus
1173 3587 1413 3661 adsalutem,qui
1425 3595 1508 3647 recta
1519 3589 1696 3663 professioni
1708 3591 1826 3649 credere

121 3675 336 3749 permittemus.
1001 3692 1060 3732 non
1076 3677 1235 3746 consentit,
1255 3676 1285 3734 in
1306 3694 1339 3734 eo
1359 3679 1437 3751 quod
1457 3679 1547 3736 alium
1563 3679 1711 3753 improbat
1734 3696 1824 3738 seac-

157 3764 243 3823 Vslde
257 3767 354 3819 autern
372 3760 467 3817 mirati
487 3777 591 3817 snmus
606 3760 757 3833 curbiqoi
768 3760 798 3817 in
813 3777 900 3818 eausa
910 3762 943 3817 fr·
998 3773 1081 3821 cusat
1094 3765 1182 3836 (doen.
1197 3782 1227 3834 x,
1243 3766 1299 3838 10).

120 3849 942 3924 deijudirescontraloannemttbalcedunsusiaEcclesia
1033 3853 1818 3931 (nlttelectislgilurinconcilioqumcontraloannem

122 3939 452 4015 presbytorumavobis
478 3938 591 3994 fuerant
613 3938 744 4009 deputati
765 3939 942 4011 negligentes
996 3942 1240 3999 Chalcedonensis
1265 3945 1464 4018 presbyterum
1489 3946 1623 4004 Ecclesiae
1655 3954 1721 4005 acta
1740 3952 1819 4017 sunt,

121 4031 273 4088 veritatem
290 4026 422 4099 opinioni
439 4025 625 4095 crediderint,
641 4027 796 4082 etcredere
811 4028 942 4086 districtc
1000 4030 1089 4087 simul
1103 4035 1129 4088 et
1145 4032 1220 4088 serie
1231 4032 1365 4105 J‘udicati,
1382 4036 1519 4108 majorem
1536 4036 1619 4095 illum
1639 4036 1818 4111 iniustitIam

121 4118 268 4194 profitenti
276 4112 432 4179 noluerint,
446 4113 836 4172 maximedumaccusatores
848 4115 941 4188 ipsius
995 4120 1494 4198 sustinuissecngnorimus,quippo
1505 4141 1592 4198 quem
1602 4126 1820 4185 clamantemse

115 4203 942 4282 (o)Marcianistarnm,quammemorabaot,baresim,unde
996 4216 1084 4282 atque
1109 4215 1322 4269 monstrantem
1345 4214 1521 4273 catholicum
1544 4232 1621 4285 esse,
1644 4232 1705 4273 non
1720 4224 1819 4274 reatus

119 4314 185 4355 eum
202 4311 283 4352 reum
295 4293 492 4350 moliebantur
501 4292 627 4360 allicere,
639 4293 805 4365 interrogati
822 4311 886 4367 quae
895 4311 941 4352 os·
994 4298 1081 4371 culpa
1091 4301 1139 4356 sed
1151 4300 1200 4355 diu
1212 4303 1359 4358 accusatio
1370 4302 1480 4360 incerta
1489 4304 1635 4371 contrivit,
1648 4306 1678 4362 in
1688 4310 1819 4374 tontum,

119 4391 174 4457 set,
190 4384 302 4443 nescire
316 4398 347 4439 se
362 4380 517 4438 manifesta
537 4380 615 4437 8⁰4
630 4382 806 4454 professione
821 4400 941 4454 respon·
998 4390 1067 4461 quia
1083 4394 1265 4447 accusatores
1278 4391 1371 4464 ipsius
1382 4394 1630 4452 Marcianistarum
1641 4412 1733 4467 quam
1745 4412 1821 4454 com·

119 4476 225 4534 derint.
241 4475 282 4529 lix
296 4488 353 4544 qna
368 4487 398 4528 re
413 4470 561 4528 evidenter
576 4470 744 4543 agnoscitur
758 4471 827 4544 quia
842 4488 942 4544 perso·
957 4434 981 4499 D
999 4478 1202 4536 memorabant
1213 4478 1347 4537 heresim
1359 4498 1389 4538 se
1399 4482 1512 4540 nescire
1522 4488 1620 4556 aperta
1631 4484 1821 4557 responsione

119 4580 189 4622 uam
203 4561 298 4635 ipsius
312 4560 376 4618 aina
390 4558 440 4616 nst
455 4564 588 4632 respectu
603 4576 659 4617 non
673 4559 761 4631 juste,
777 4560 826 4616 sed
838 4564 941 4618 contra
999 4568 1122 4640 professi
1137 4571 1258 4641 suntne)
1272 4570 1305 4626 m
1320 4571 1369 4642 qui
1381 4572 1459 4629 iuteo
1474 4571 1503 4630 in
1519 4574 1581 4647 ipso
1593 4574 1820 4646 tuerentjmten

155 4708 194 4779 (tr)
208 4706 250 4762 lta
261 4707 384 4777 quatuor
394 4700 814 4775 Vatic.,sexanglic.,totidem
826 4702 939 4773 Norm.,
996 4709 1110 4765 nullum
1130 4714 1279 4768 auctorem
1297 4711 1364 4786 legi.
1391 4714 1533 4772 Gusslrsv.
1557 4717 1727 4788 legendnm
1745 4718 1819 4775 forta

118 4778 216 4846 Curb,
239 4775 321 4849 sagn
342 4778 420 4830 unde
435 4780 530 4829 autem
553 4773 622 4854 bno·
637 4774 722 4831 lectio
746 4779 939 4845 barcusorum,
995 4782 1244 4839 marcionitarum,

119 4851 293 4975 ἵνίαπθὸῑΐξ.
307 4849 380 4903 titul
391 4846 596 4928 afflamina,
611 4854 648 4900 ²11¹
657 4861 705 4900 Μ·
713 4845 878 4916 imposturas
887 4846 939 4901 lta·
1029 4854 1069 4921 (b)
1079 4854 1560 4923 Auditurloannes,libellumaae
1571 4858 1820 4931 frdeioll'ert,1ndi·

136 4926 193 4985 eut,
210 4920 294 5001 {pert}
309 4918 345 4974 ab
357 4917 529 5007 ¹delatoribus
544 4921 707 4999 erula‚‚n⁰⁸
722 4918 801 4972 latet.
843 4986 849 4998 ‚
994 4939 1042 4980 ees
1057 4931 1236 4993 scrutantur,
1246 4932 1275 4983 et
1286 4929 1493 4987 taetoeoneitio
1504 4930 1674 4993 absolvitur.
1687 4936 1720 4988 ut
1730 4948 1823 5013 appa·

154 4986 938 5071 (thtrartsubttbhrtsttanoshomtneszaloltmtmpo·
995 5000 1038 5051 ret
1053 5011 1088 5052 ex
1103 4996 1149 5053 bis
1165 4998 1317 5069 sequentis
1330 4999 1458 5072 epistolas
1473 5003 1580 5059 verbis:
1595 5004 1686 5059 sancte
1700 5002 1819 5060 eoactlii

120 5066 190 5116 tenu
206 5066 521 5142 ae⁵‡088⁸⁰.0112110¹¹⁰³
536 5064 597 5114 tam
613 5059 735 5143 {mittant
749 5058 868 5140 inlidit,
878 5065 939 5141 tam
994 5082 1101 5123 craesum
1115 5067 1249 5140 delinitio,
1265 5076 1319 5128 eto.
1338 5072 1415 5128 ldem
1429 5073 1552 5145 epistola
1567 5090 1599 5130 so
1621 5078 1708 5130 uente
1724 5075 1821 5132 fusius

119 5146 194 5212 05200
209 5131 274 5187 0⁶¹⁰
290 5132 445 5213 ¹9b⁰ttt5802
462 5136 494 5186 ut
509 5129 609 5212 stdoles
623 5136 703 5187 tutus
719 5135 829 5202 positos
841 5138 938 5188 conati
994 5144 1135 5206 recenset,
1153 5140 1260 5199 docens
1273 5141 1473 5201 infidelitatem
1489 5160 1553 5204 esse
1578 5090 1666 5202 taem
1680 5145 1821 5203 lldelibua

119 5208 177 5257 sint
190 5218 207 5257 a
222 5206 324 5257 mutrrs
340 5202 479 5282 uberibus
495 5201 633 5257 nolenter
655 5201 816 5257 abstractos
838 5202 939 5258 ferinis
994 5225 1050 5266 non
1069 5209 1214 5280 babere,et
1229 5215 1369 5270 veraciter
1382 5216 1533 5273 confitenti
1554 5233 1611 5274 non
1627 5216 1823 5285 moderamen

119 5271 940 5345 laniandosdentibusexponere.tdomargumentumpro·
993 5296 1058 5336 esso
1072 5279 1207 5340 haeresim
1224 5300 1357 5358 purgare,
1374 5286 1425 5343 sed
1437 5289 1540 5345 lacera.
1556 5290 1620 5345 lus
1642 5288 1824 5346 istolisldet

119 5342 937 5427 sequitursanctustlregoriusinitiosequentisepistolae,
994 5352 1143 5433 lteadom
1167 5361 1299 5413 versatur
1322 5358 1455 5430 questio.
1471 5360 1613 5417 (lusanae.
1654 5358 1701 5416 ide
1716 5359 1771 5416 lib.
1787 5378 1821 5433 rr,

120 5423 298 5486 miraturque
322 5418 472 5469 veritatem
495 5413 532 5467 ab
555 5416 721 5473 istiusmodr
744 5412 846 5471 zelotis
866 5415 937 5471 adeo
992 5428 1081 5494 epist.
1097 5425 1142 5493 lt,
1158 5426 1196 5482 al.
1212 5426 1264 5483 lib.
1279 5444 1321 5491 ra.
1336 5428 1423 5499 epist.
1438 5430 1484 5485 39.

119 5483 399 5570 fuisse-neglectam,
415 5487 447 5538 nt
462 5499 514 5538 nec
527 5486 617 5557 ipsam
634 5502 722 5560 qoam
747 5486 938 5558 imponebant
1028 5492 1121 5575 lirisr.
1141 5498 1289 5571 >tvl-(n)
1300 5502 1414 5568 Excust,
1430 5501 1538 5572 refotis,
1550 5501 1628 5575 quod
1640 5502 1670 5561 la
1682 5500 1822 5561 Memnon

119 5558 254 5616 heresim
268 5561 390 5611 scirent.
407 5554 551 5610 Gussaur.
993 5561 1110 5634 legitur.

154 5630 247 5687 Ettsf·
263 5625 400 5701 XV.-(n)
414 5628 549 5689 Quonam
565 5624 616 5684 illa
631 5627 717 5686 fuerit
731 5626 936 5701 hereslsapud
1029 5634 1068 5705 (b)
1082 5639 1111 5694 Si
1123 5640 1239 5711 quidem
1251 5642 1400 5701 accusatio
1409 5643 1700 5719 requiritlegitlmam
1710 5646 1825 5705 inscri-
