3908 6156
289 303 574 368 aristomenon
596 305 669 366 LlB.
692 306 773 368 lllll.
789 336 828 352 -
849 305 998 370 lNDIC'l.
1022 310 1072 373 Vl.
1096 344 1134 360 -·
1159 310 1281 372 uulsi.
1304 307 1420 371 xtuli.
1629 303 1711 367 ¹302

94 441 106 498 l
121 457 182 498 nna
207 455 274 498 com
295 438 465 497 bominibus
485 439 605 512 gloriosi
618 440 773 510 comitioli,
789 441 826 498 de
839 442 867 510 Α
882 441 1031 515 debemur,
1042 461 1079 503 ne
1094 443 1330 503 dissimulatione
1344 442 1419 499 vires
1442 442 1513 498 dare
1525 439 1623 514 pravis
1637 439 1707 495 scti-

94 531 136 588 sis
153 531 241 587 tuerit
257 529 396 586 violenter
410 529 584 587 abstractus.
595 530 649 597 Qui
665 531 735 586 dum
752 530 827 587 mul·
880 530 943 598 bus,
959 549 1032 606 quos
1053 536 1126 593 laice
1141 535 1305 608 disciplinas
1326 547 1459 590 resecare
1482 546 1537 587 nos
1560 529 1706 601 contenit,

94 625 149 678 rtrs
165 636 197 677 se
217 620 355 685 invicem,
371 621 448 675 sicut
468 625 549 691 gesta
572 624 726 688 testantur,
751 620 826 691 nujii
878 618 1039 679 videamur.
1058 623 1131 690 Quia
1154 639 1223 695 ergo
1248 621 1378 693 pervenit
1405 621 1441 677 ad
1466 635 1520 675 nos
1549 616 1709 674 monachos

94 730 111 780 t,
126 710 162 767 sd
184 708 384 766 conclusionis
409 708 486 764 buno
510 714 639 780 utreque
659 714 756 783 partes
768 709 826 765 sli-
879 711 1048 768 monasterii
1063 714 1102 783 (n)
1117 712 1147 769 io
1163 710 1321 784 Gspricsna
1336 709 1445 778 insuta,
1462 724 1527 780 que
1547 707 1633 780 juxta
1647 709 1706 763 lla·

94 803 119 856 io
141 799 300 855 terminum
328 803 536 870 peruenerunt,
560 803 690 871 petentes
720 815 767 855 me
791 799 826 857 de
874 798 998 869 jorioam
1015 800 1141 858 insulam
1163 806 1209 858 est
1222 801 1328 874 posita,
1350 799 1391 855 ita
1406 813 1542 872 perverse
1560 811 1654 867 agere,
1671 812 1705 851 sc

94 903 108 944 s
137 886 242 943 debers
268 884 412 957 judicare.
443 883 525 941 Unde
552 884 676 942 sollicite
695 884 826 958 relegens
877 889 966 946 vitam
991 905 1074 946 snam
1098 889 1220 948 diversis
1251 887 1429 946 iecinoribus
1459 885 1642 949 submisisse,
1672 889 1706 940 ut

95 980 142 1034 ota
157 983 237 1042 suut,
250 980 278 1031 et
290 976 439 1031 veritatem
456 973 589 1046 diligenti
604 974 826 1047 investigatione
877 974 937 1034 nnn
950 979 1144 1053 omnipotenti
1166 979 1234 1047 Deo,
1257 978 1307 1035 sed
1330 976 1453 1048 subque
1469 991 1501 1032 aa
1523 974 1611 1043 boati,
1626 975 1702 1044 quod

95 1068 184 1132 irena,
202 1062 313 1120 nullam
337 1063 368 1119 lu
392 1063 538 1119 antedicto
557 1063 695 1119 ianuario
708 1062 825 1135 culpam
877 1082 943 1124 eum
963 1068 1074 1141 gemitu
1099 1069 1239 1135 dicimus,
1264 1066 1421 1126 ostendant
1447 1064 1543 1138 potius
1566 1063 1702 1129 militare,

95 1152 181 1213 xsilio
196 1153 239 1211 vel
253 1152 434 1227 depositione
452 1151 542 1223 digna
556 1156 635 1208 esset
649 1151 757 1223 puniri,
773 1153 824 1209 sed
877 1156 1053 1227 experientia
1077 1161 1138 1223 tua,
1161 1155 1295 1228 prasenti
1317 1152 1489 1211 auctoritate
1512 1150 1701 1220 commonita,

95 1241 387 1315 ,illumejactumds
411 1241 540 1298 lloolesia
562 1239 823 1299 violenterlnveoi.
877 1244 913 1300 ad
940 1244 1109 1316 predictum
1139 1244 1353 1303 monasterium
1377 1243 1524 1311 accedere,
1551 1247 1580 1298 st
1611 1240 1701 1298 vitam

95 1350 218 1407 anquam
235 1331 406 1404 hujusmodi
429 1331 623 1387 temeritatem
649 1329 747 1404 legum
761 1347 825 1389 oen·
877 1349 1032 1405 moresque
1046 1333 1106 1391 illic
1121 1333 1357 1391 conversantium
1372 1330 1473 1389 subtili
1489 1329 1609 1388 studeat
1619 1328 1701 1386 inae·

95 1421 293 1480 istriotissime
320 1420 414 1489 ierint,
437 1434 490 1492 ego
510 1423 610 1476 tamen
630 1416 728 1492 legum
742 1420 823 1492 rign·
877 1421 1033 1495 stigations
1045 1422 1224 1497 parquirere,
1239 1421 1319 1480 etita
1333 1435 1452 1493 qusque
1465 1417 1644 1477 resecatione
1658 1417 1701 1473 dl·

95 1510 244 1569 tosrdotsli
262 1509 466 1567 moderatione
480 1513 659 1583 temperans,
669 1508 706 1583 (c)
720 1508 823 1566 mediis
876 1528 932 1578 gna
948 1513 1098 1585 repererit,
1114 1514 1193 1570 siout
1207 1514 1310 1572 ml
1328 1510 1488 1569 canonicus
1506 1508 1578 1566 ordo
1597 1508 1634 1582 (t)
1649 1508 1699 1566 ds·

95 1602 190 1660 suetis
220 1598 398 1672 llvangeliis,
429 1598 537 1671 quibua
566 1598 760 1671 praesentibus
787 1599 823 1657 ab
875 1600 1265 1675 siderat,congruaultiona
1291 1600 1447 1674 corrigere,
1467 1602 1700 1671 atquseoaqusr

94 1690 125 1748 in
136 1689 192 1747 boe
203 1691 340 1763 cognitor
350 1687 442 1745 resedi
455 1686 577 1759 iudicio,
593 1703 628 1743 ss
642 1702 706 1761 qua
721 1692 823 1745 contra
875 1690 1029 1747 obseruare
1041 1691 1165 1750 debeant
1188 1694 1222 1763 tc)
1246 1691 1416 1760 informare,
1431 1693 1577 1763 quatenus
1604 1701 1701 1744 amen·

95 1784 189 1837 uinta
204 1784 284 1847 sunt,
302 1778 369 1835 licet
388 1777 457 1849 jure
481 1793 539 1833 nnn
554 1780 682 1844 teneant,
698 1792 750 1833 nee
768 1775 819 1834 ali·
834 1812 858 1877 B
873 1777 1001 1836 dationis
1014 1785 1068 1837 tusi
1083 1781 1201 1850 modus,
1212 1785 1242 1838 et
1255 1780 1328 1841 tstns
1342 1779 1378 1835 ad
1393 1779 1470 1838 viam
1482 1786 1564 1835 recte
1579 1790 1699 1835 conver·

96 1871 157 1926 sint
171 1867 324 1936 momenti,
341 1866 451 1940 injusta
465 1870 563 1923 tamen
578 1870 608 1923 et
621 1865 740 1922 inllrma
753 1881 818 1923 esse
873 1867 996 1926 sationis
1010 1868 1161 1937 redonare,
1175 1873 1205 1926 et
1228 1874 1256 1925 te
1279 1869 1357 1943 apud
1381 1884 1434 1926 nos
1453 1865 1535 1925 nullo
1550 1866 1636 1925 modo
1650 1881 1699 1922 va·

95 1958 166 2026 ntin,
183 1963 269 2030 stqus
287 1956 354 2012 itins
371 1955 482 2013 atilios
510 1963 685 2013 memoratos
704 1954 818 2028 episco-
871 1956 931 2015 leat
942 1973 1080 2016 sooussre
1094 1957 1280 2027 culpabilem.

97 2048 140 2117 ui,
153 2047 314 2121 postposita
334 2045 566 2102 consideratione
589 2043 770 2117 sacerdotali,
786 2045 816 2100 in
1135 2048 1303 2107 aristosa
1321 2045 1433 2106 Lllllll.

106 2138 154 2196 sul
170 2135 370 2208 prejudicium
385 2140 472 2207 atque
487 2134 760 2192 condemnationem
771 2134 815 2191 ln·
1066 2154 1104 2195 sn
1122 2153 1296 2196 raronoausa
1314 2151 1498 2194 cumroaru.

95 2230 229 2286 deontia
244 2226 294 2283 liei
310 2225 443 2282 timorem
463 2224 566 2281 rnrssti
581 2233 662 2292 aaut,
677 2225 816 2282 condem·
923 2230 1036 2285 Petrum
1050 2227 1163 2301 ejusque
1179 2232 1298 2284 matrem
1314 2233 1442 2283 amnntsr
1455 2221 1638 2282 commendat.

96 2316 121 2373 in
145 2314 321 2372 monasterio
345 2314 529 2385 recipiendos
556 2313 591 2369 ad
616 2313 759 2386 agendam
784 2313 815 2369 iu
905 2318 1063 2390 Gregorius
1078 2315 1279 2389 Theodorum)
1294 2315 1431 2373 curatori.

95 2403 320 2475 llfflnll‘v’flllm
341 2408 439 2459 ⁸¹⁸¹³⁰
460 2408 548 2475 utque
572 2402 705 2462 decerno.
727 2403 815 2459 lllum
905 2407 1063 2480 Postquam
1080 2406 1124 2465 sio
1142 2408 1178 2464 de
1202 2404 1302 2479 glorie
1317 2410 1418 2461 vestra
1433 2402 1602 2461 sinceritate
1623 2418 1695 2474 pra·

96 2492 125 2549 ui
140 2492 237 2551 locum
254 2492 393 2549 antedicti
409 2491 586 2549 sanctissimi
601 2492 733 2549 ianuarii
750 2507 816 2548 oon·
869 2497 1030 2563 sumimus,
1042 2500 1072 2552 ut
1100 2502 1211 2553 vestros
1235 2511 1286 2551 vos
1308 2494 1463 2553 credamus
1487 2500 1625 2565 reputare
1642 2490 1694 2564 qul

96 2598 203 2640 trorum
219 2598 363 2638 canonum
380 2585 490 2637 statuta
505 2579 638 2652 nequiter
654 2596 814 2652 presump·
869 2587 961 2642 nostri
978 2594 1056 2656 sunt,
1073 2584 1157 2641 latori
1173 2583 1358 2657 presentium
1373 2587 1467 2649 Petro,
1485 2582 1547 2638 uiro
1565 2579 1696 2652 magnid-

97 2669 540 2740 8d010,dond8mnatts,privttt'l
559 2668 814 2726 sacerdnttnetab
868 2691 902 2732 ep
918 2675 1021 2734 1258
1036 2676 1071 2730 ad
1095 2673 1320 2747 promerendum
1345 2671 1487 2729 bonitatis
1509 2676 1694 2742 venti-031¹·-

96 2757 282 2816 eclesiastico
300 2758 402 2815 orntnn
430 2758 573 2814 removeri
600 2764 709 2828 statuo,
734 2766 765 2813 ut
785 2763 814 2814 st
867 2765 938 2821 tiam
966 2764 1022 2821 hon
1041 2763 1138 2820 nolum
1161 2761 1295 2818 nutflnsra
1319 2765 1449 2835 poterat,
1472 2761 1602 2817 iudicare
1625 2758 1695 2830 quia

99 2849 136 2906 od
148 2848 224 2905 male
239 2853 283 2905 est
296 2849 420 2921 adeptus
435 2847 555 2915 amittat,
569 2849 666 2904 reond
682 2846 812 2904 officium
868 2862 964 2913 noster
976 2859 1020 2909 est
1046 2851 1253 2925 sedquoniam
1271 2854 1389 2919 paterna
1403 2848 1626 2907 commendatio
1642 2848 1694 2904 bo·

96 2939 282 3011 mtsindigns
291 2942 423 3011 gesserat
438 2943 606 2994 revertatur.
617 2936 811 3010 sepedictum
867 2943 898 2998 ni
913 2941 964 2997 tilii
995 2946 1122 2997 mentem
1139 2939 1212 2996 solat
1239 2954 1353 3007 semper
1381 2938 1555 3002 accendere,
1572 2943 1694 3007 paterna

104 3027 321 3084 sanctissimum
345 3026 515 3083 ianuarium
537 3041 707 3099 episcopum
726 3026 811 3082 abso·
866 3025 1020 3083 dulcedine
1044 3026 1218 3095 salutantes,
1239 3026 1364 3094 petimus
1386 3028 1419 3078 ut
1448 3027 1609 3080 memorato
1634 3021 1695 3079 lilio

100 3115 165 3173 loco
180 3132 234 3172 suo
250 3119 279 3173 in
296 3116 481 3189 episcopatus
502 3116 594 3189 gradu
618 3115 676 3171 Deo
696 3121 811 3172 auctore
867 3122 977 3179 nostro,
993 3121 1081 3188 atque
1098 3122 1264 3170 memorata
1278 3112 1345 3168 title
1365 3116 1471 3168 nostras
1485 3110 1617 3185 gloriose
1634 3126 1697 3167 ms·

107 3221 140 3263 so
156 3204 252 3261 modis
266 3205 403 3261 omnibus
415 3205 566 3261 reformari
582 3204 738 3261 constituo.
831 3185 905 3261 Cori
933 3203 1038 3276 ipsius,
1067 3202 1223 3274 patrocinii
1251 3200 1341 3259 vestri
1369 3200 1495 3273 gratiam
1523 3199 1695 3266 ostendatis,

252 3313 425 3372 gpggppgg
451 3312 549 3371 ggvg
869 3307 977 3365 eosque
992 3298 1020 3349 et
1036 3291 1094 3349 illio
1111 3292 1221 3364 positos
1241 3289 1375 3348 tuitionis
1396 3292 1499 3345 vestre
1514 3287 1641 3345 remedio
1655 3289 1696 3345 io·

203 3419 238 3461 ,n
256 3420 387 3460 mm
406 3417 600 3460 „mmm
870 3386 971 3452 tentis,
983 3393 1009 3437 et
1024 3380 1172 3437 uenientes
1187 3382 1221 3435 ad
1238 3395 1291 3437 nos
1304 3378 1412 3435 vestris
1425 3377 1565 3434 subsidiis
1579 3377 1696 3444 adiure-

97 3498 137 3552 ω,
149 3509 182 3551 00
197 3493 357 3565 depravat„
378 3491 538 3560 gamm
561 3490 659 3548 imp„
674 3491 817 3550 mmm
870 3470 920 3537 tis,
932 3474 1076 3542 quatenus
1091 3471 1160 3524 dum
1177 3485 1211 3525 ea
1227 3484 1291 3541 qua
1306 3467 1398 3541 gloria
1420 3474 1513 3522 restra
1526 3482 1560 3522 ex
1575 3480 1606 3521 se
1620 3464 1695 3522 solet

273 3564 305 3620 in
321 3565 394 3620 uiam
405 3563 527 3620 reducat.
870 3558 1049 3630 impendere,
1063 3564 1162 3614 nostra
1171 3557 1327 3626 benignius
1341 3555 1462 3630 epistola
1474 3554 1694 3625 interueniente,

96 3655 184 3728 gorius
197 3654 303 3711 loanni
320 3653 478 3710 defensori.
872 3647 1049 3721 praestiterit,
1065 3652 1093 3703 st
1108 3648 1200 3717 ipsam
1215 3662 1276 3704 rom
1295 3651 1464 3702 consuetam
1481 3643 1612 3701 uideatur
1626 3642 1695 3699 lau·

97 3743 494 3802 canonicamdrstriotionem
509 3739 660 3813 culparum
676 3743 817 3798 coutrsse
872 3738 1162 3798 debilitereabibere.
1192 3743 1221 3792 et
1248 3752 1307 3793 non
1331 3737 1388 3792 sibi
1413 3751 1464 3808 pro
1487 3750 1543 3791 sua
1565 3733 1694 3792 bonitate

96 3835 242 3902 asencitat,
252 3839 493 3906 postponersqua
503 3831 816 3904 corrigendasuntnou
871 3828 1032 3903 gratiarum
1044 3842 1109 3884 esse
1124 3843 1175 3900 par
1188 3826 1286 3883 omnis
1300 3825 1383 3882 iaciat
1398 3824 1545 3881 debitores
1557 3823 1609 3898 (i).

97 4018 126 4075 ta
139 4018 175 4074 de
188 4033 217 4073 rs
235 4018 297 4088 Jsm
323 4016 450 4074 diximus
472 4015 506 4070 nd
531 4015 617 4086 epist.
635 4015 668 4072 15
688 4013 741 4071 lib.
755 4031 816 4073 vrri.
872 4014 1014 4069 abbatibus
1026 4026 1089 4070 uero
1104 4011 1144 4069 ast
1160 4011 1301 4068 monacbis
1323 4011 1365 4067 s'tn
1392 4009 1536 4067 clssroorc
1556 4010 1695 4078 munti,

97 4105 134 4147 sm
154 4090 277 4145 lormam
307 4105 324 4145 a
352 4088 434 4143 laicis
458 4086 609 4159 iudicibus
637 4090 817 4143 observatam
871 4085 1054 4156 utquidqut'd
1078 4082 1231 4140 canonicus
1259 4082 1323 4139 ordo
1350 4082 1393 4139 uel
1416 4082 1620 4152 regulasancta·
1644 4085 1698 4136 Br-

102 4159 530 4224 ostieestcnssinnnrunuo.
547 4157 816 4228 ivVariar.,epist.
873 4159 979 4213 misisti
1007 4157 1106 4219 monet,
1136 4159 1163 4211 et
1190 4157 1315 4225 impiere,
1341 4156 1367 4210 et
1392 4154 1529 4210 consonare
1553 4155 1583 4207 in
1606 4154 1697 4211 omni-

97 4231 343 4290 dt's'ssncrosanctis
366 4231 496 4298 aaaron.
517 4247 580 4286 com
599 4232 688 4287 trtius
703 4231 818 4287 tonora·
874 4231 924 4286 dur
938 4228 1165 4285 debcantllomo
1181 4226 1270 4297 igitur
1289 4227 1336 4282 bin
1352 4226 1477 4282 somniet
1503 4241 1553 4297 per
1575 4226 1697 4281 canoni·

97 4308 413 4369 annrrs'omcnnsensus
434 4304 626 4374 etegeritetc.
873 4316 941 4357 oum
973 4301 1106 4356 ordinem
1141 4298 1361 4370 intelligendum
1403 4296 1609 4353 canonicorum
1638 4300 1697 4352 sta·

97 4375 221 4432 attuvi
237 4375 291 4448 [nt.
305 4375 362 4447 54].
379 4375 462 4445 -(α)
478 4375 579 4429 Metius
594 4378 630 4428 Ca
655 4373 740 4440 raria,
757 4369 820 4428 rul·
875 4378 950 4435 tum,
966 4388 1032 4429 oum
1048 4371 1084 4427 de
1100 4371 1252 4426 monacbis
1268 4369 1368 4426 insula
1383 4367 1527 4441 Gaprariae
1542 4373 1655 4440 agatur.

97 4464 179 4510 imo,
196 4449 294 4502 insuta
309 4447 397 4501 maris
408 4447 509 4502 lberioi
527 4460 578 4500 anu
597 4390 744 4509 salamini,
763 4444 819 4500 llo·
910 4442 946 4570 pp)
964 4444 995 4500 ln
1007 4440 1068 4499 soln
1083 4441 1174 4497 Vatic.
1187 4441 1218 4500 B.
1235 4444 1395 4510 relormnre.

106 4519 242 4588 sdjscens
258 4518 287 4572 in
312 4521 463 4586 austrum,
479 4517 585 4586 vixque
599 4515 713 4571 dicebas
730 4515 821 4572 leucis
935 4530 1005 4570 ruer.
1020 4511 1118 4570 xtvit
1129 4511 1183 4584 [rt.
1199 4510 1256 4581 ⁵⁷l·
1272 4540 1307 4552 -
1321 4511 1360 4580 (n)
1376 4511 1418 4565 lta
1432 4508 1461 4564 ln
1477 4506 1583 4564 Victor.
1601 4505 1697 4562 ana·

97 4589 160 4646 riuis
174 4590 210 4645 ab
226 4606 260 4645 ea
275 4590 390 4644 distans
406 4604 506 4644 versus
523 4589 750 4656 promontorium
766 4592 819 4643 Sa·
873 4585 922 4642 tin.
938 4590 971 4654 Α,
996 4585 1101 4655 legitur
1116 4581 1298 4652 procuratori.
1321 4588 1352 4636 tn
1376 4581 1421 4636 bis
1444 4581 1559 4636 duobus
1574 4581 1692 4634 tantmn

97 4676 135 4718 m.
151 4664 292 4717 arsami.
311 4661 341 4716 ln
358 4661 495 4716 omnibus
513 4664 626 4726 Nnrm„
646 4658 743 4722 corb..
759 4658 821 4715 Col·
874 4657 1028 4713 (lodicibus
1043 4656 1184 4725 reperitur
1195 4654 1256 4710 boso
1270 4653 1402 4724 epistola.

97 4740 126 4790 et
141 4734 234 4789 tribus
248 4731 356 4801 Varie,
372 4734 445 4804 quod
463 4733 493 4787 in
509 4730 610 4804 Capria
625 4731 716 4787 insuto
735 4730 818 4802 jacto
910 4728 948 4801 (b)
975 4728 1007 4784 ln
1042 4726 1159 4783 laudato
1192 4724 1296 4782 Codice
1324 4723 1414 4781 latio.
1441 4720 1578 4778 subditur
1605 4735 1697 4778 mense

97 4820 156 4862 cam
170 4807 210 4860 est
224 4807 354 4875 positam.
874 4799 1036 4871 Septembri,
1053 4798 1152 4853 indict.
1168 4799 1293 4868 septimo.
1308 4798 1343 4852 nt
1359 4794 1433 4850 libro
1448 4790 1621 4850 duodecimo
1635 4791 1697 4848 beo

97 4893 114 4931 n
131 4875 246 4946 libem„
261 4875 384 4931 Cotbert.
410 4890 443 4930 so
458 4873 555 4942 Gorb,
581 4871 748 4930 considerat.
764 4873 820 4927 Ca·
873 4870 996 4942 epistola
1011 4869 1188 4933 continetur,
1214 4867 1263 4937 qui
1290 4869 1417 4939 pertinet
1439 4865 1476 4921 ad
1490 4864 1593 4920 indict.
1608 4863 1698 4937 qnia·

96 4964 122 5004 rs
146 4948 216 5003 ordo
243 4947 319 5018 leges
345 4962 490 5003 canonum
520 4946 676 5014 significat.
710 4942 818 5000 liudem
874 4951 943 4997 tam.
959 4940 1041 4998 Unde
1057 4947 1132 5013 patet
1156 4955 1258 5012 parum
1277 4938 1441 4996 habendam
1461 4951 1528 4993 esse
1550 4935 1694 4993 rationem

103 5022 253 5075 canonicus
280 5018 345 5074 ordo
373 5018 503 5075 sumitur
529 5017 579 5073 tib.
610 5029 666 5083 xro,
685 5016 770 5072 enist.
789 5016 818 5080 d,
875 5019 948 5070 notas
964 5012 1287 5085 bulusobrouotogica.

97 5107 191 5149 noan.
208 5092 242 5146 15
256 5090 359 5163 synodi
382 5090 589 5161 Augustodun.
616 5102 663 5145 sn.
684 5086 761 5144 bil:
786 5086 820 5143 de
