3908 6156
146 255 223 317 terr
603 254 805 319 mreunrx
827 258 880 318 un
904 256 935 319 s.
959 258 1148 323 oenconu
1169 242 1397 322 erraretis.
1770 263 1845 324 suaa

144 392 239 448 licui
255 406 333 460 avrti,
345 389 389 457 15,
404 389 471 461 sep.)
489 388 541 446 His
556 404 623 461 ergo
638 392 667 447 et
686 389 752 446 aliis
776 391 878 446 multis
894 395 1004 461 aen-A
1021 392 1129 449 nostrie
1141 392 1363 465 relinquendam
1380 391 1505 465 posteris
1521 395 1687 463 teneamus,
1703 397 1732 449 et
1748 395 1845 451 omnis

146 490 257 539 ctorem
273 479 392 536 Petrum
404 479 625 536 auctoritatibus
636 479 809 553 segregandi
826 487 964 537 suntme·
1019 498 1082 555 quae
1099 483 1134 540 ad
1149 482 1342 540 eruditionem
1358 487 1490 539 nostram
1502 483 1594 540 eserie
1605 484 1740 557 apicibus
1755 484 1843 557 acrip·

145 567 166 624 ii
182 586 198 624 a
213 568 308 636 boola,
321 583 357 624 no
372 568 573 639 pereantjustl
582 584 634 640 pro
646 568 774 640 injustia,
786 569 861 625 aicut
876 569 965 640 scrip·
1018 580 1049 629 ta
1063 577 1133 628 sunt
1148 572 1363 638 custodiamus,
1375 578 1461 645 atque
1475 571 1512 629 ad
1528 588 1562 629 aa
1576 587 1772 645 quoscunque
1783 590 1843 645 poa·

145 662 206 713 tum
223 664 268 713 est
284 673 291 713 :
305 657 384 712 Perit
405 656 498 725 iustus
514 671 566 729 pro
591 655 678 726 impio
695 657 760 725 (lac.
786 674 852 723 avit,
870 658 895 722 l,
911 673 961 713 sec.
1019 678 1124 718 sumus
1138 664 1304 717 excitemus.
1325 662 1443 718 Certum
1467 660 1575 734 quippe
1589 666 1635 718 eat
1660 662 1732 734 quie
1748 662 1772 717 si
1787 667 1842 720 toto

143 747 224 816 etti.
242 746 331 802 Debet
351 746 427 802 enini
453 746 589 802 discretio
613 761 729 818 semper
748 746 809 801 deri
824 745 899 802 inter
915 749 965 803 bo·
1019 752 1105 808 corde
1122 752 1276 824 preceptis
1298 752 1476 807 salutaribus
1501 767 1554 808 nos
1577 766 1769 823 occupamus,
1784 768 1843 809 om·

145 853 199 892 nos
214 841 243 892 et
257 835 360 906 malos,
376 834 451 892 sicut
466 841 512 893 eat
526 836 600 892 inter
616 834 713 891 hedos
735 840 764 891 et
781 853 857 893 oves.
874 834 964 892 ilani·
1020 855 1087 896 nem
1104 841 1241 897 vitiorum
1256 839 1350 897 labem
1366 838 1533 913 effugimue,
1546 842 1615 912 quia
1628 841 1703 896 dum
1720 841 1767 896 bis
1782 840 1842 914 qni·

145 926 219 982 testa
233 941 349 997 quoque
364 929 482 996 peccata
506 940 564 979 non
581 928 648 980 sunt
663 923 775 980 occulta
790 925 966 982 correctione
1020 930 1076 987 bue
1092 929 1271 986 aedificamur
1287 929 1440 986 innitimur
1454 931 1551 988 iocum
1566 930 1630 987 sine
1645 931 1737 988 dubio
1747 931 1843 1004 decep

145 1016 318 1088 purganda;
341 1015 390 1071 aed
419 1013 514 1087 palam
540 1018 608 1069 eunt
633 1013 774 1084 arguendi
796 1013 844 1086 qni
870 1012 965 1087 pelam
1021 1020 1109 1075 tionia
1124 1020 1317 1076 excludimus.
1343 1021 1525 1093 Quapropter
1547 1026 1664 1093 oportet
1680 1026 1712 1077 ut
1734 1020 1842 1078 enixior

147 1109 260 1173 nocent,
279 1110 311 1161 ut
335 1105 405 1161 dum
429 1111 528 1176 aperte
553 1105 759 1178 obiurgatione
778 1111 929 1175 sanantur,
945 1104 965 1161 ii
1020 1106 1050 1163 in
1066 1109 1179 1165 coactio
1195 1109 1344 1166 studiosos
1365 1125 1415 1166 vos
1431 1110 1509 1165 circa
1523 1109 1626 1166 fratres
1641 1114 1732 1183 atque
1747 1109 1841 1182 subje-

146 1196 196 1269 qui
222 1210 272 1252 eoa
299 1195 439 1251 imitando
467 1195 649 1266 deliquerant
670 1194 864 1267 corrigantur.
892 1197 965 1251 Dum
1020 1204 1083 1254 ctos
1111 1197 1388 1269 ostendatia,(e)nt
1417 1214 1521 1255 omnes
1548 1214 1616 1256 cum
1644 1198 1756 1272 quibus
1785 1198 1840 1257 aliti

144 1285 222 1341 enim
238 1301 314 1341 unna
329 1285 493 1357 corripitur,
510 1284 629 1357 plorimi
645 1285 849 1342 emendantur.
862 1284 896 1340 ut
906 1301 965 1340 me·
1020 1287 1204 1359 ostiamque
1232 1287 1380 1343 didicistis
1409 1290 1518 1344 sanctos
1545 1286 1686 1344 Romana
1712 1287 1841 1346 Ecclesia

143 1374 201 1431 lius
215 1383 258 1432 est
274 1381 305 1429 ut
318 1391 370 1446 pro
383 1373 540 1431 multorum
552 1373 646 1430 salute
662 1390 739 1430 unus
754 1374 966 1432 condemnetur
1020 1376 1263 1450 preceptionibus
1288 1392 1401 1448 perere,
1421 1376 1586 1448 apostolica
1608 1377 1690 1435 sedis
1707 1387 1842 1451 precepta

63 1490 69 1511 ο
144 1461 567 1538 quampernniualicentiam
581 1461 965 1535 multipericlitentur.Nec
1020 1463 1214 1537 multiplicare
1230 1465 1550 1538 apertlaaivnequenote
1562 1466 1840 1540 lacereagooscant;

144 1555 251 1610 mirum
268 1553 291 1609 ei
307 1553 383 1609 inter
398 1553 530 1610 homines
545 1550 688 1609 haeretic
703 1551 878 1620 custoditur,
895 1567 963 1608 cum
1019 1554 1088 1626 quia
1103 1556 1179 1627 quod
1193 1554 1358 1625 specialiter
1372 1553 1424 1610 tibi
1448 1555 1566 1627 tuisque
1589 1558 1619 1612 et
1633 1555 1762 1613 fratrum
1783 1562 1841 1615 tuo-

144 1642 259 1699 etinter
269 1641 407 1714 lumenta
422 1640 478 1697 boc
493 1641 555 1697 lieri
572 1656 700 1715 peraaepe
715 1641 918 1714 cognorimua,
933 1646 965 1699 ul
1019 1662 1085 1702 rum
1100 1645 1248 1714 charitati,
1266 1651 1297 1702 ut
1312 1655 1368 1702 tuae
1388 1645 1494 1702 littere
1509 1646 1717 1719 innotuerunt,
1733 1648 1839 1706 consol·

144 1748 178 1789 ea
192 1748 256 1803 quo
272 1732 401 1788 scabiem
418 1735 469 1787 aut
487 1730 688 1803 impetiginem
709 1730 816 1788 habere
831 1732 965 1787 videntur
979 1763 1003 1830 B
1018 1735 1056 1790 tis
1070 1733 1239 1804 scribimus,
1256 1734 1430 1809 generaliter
1451 1736 1591 1793 omnibue
1610 1743 1712 1795 tenere
1726 1740 1838 1795 manda·

144 1820 458 1894 separentnrasanis,
474 1836 510 1878 ne
525 1819 643 1877 illorum
659 1821 762 1876 morbo
783 1828 965 1878 caterasana
1020 1840 1097 1881 mos.
1113 1825 1195 1882 Circa
1215 1824 1411 1895 subjectorum
1433 1831 1532 1883 autom
1557 1825 1662 1885 1282
1690 1833 1775 1885 actos
1790 1829 1837 1886 ira·

136 1912 324 1971 „damnentur
339 1914 380 1967 vel
405 1914 537 1982 pereant.
560 1910 657 1967 Satius
680 1914 725 1967 eet
748 1927 815 1982 crgo
839 1917 873 1967 ut
897 1909 966 1967 mali
1019 1915 1139 1971 ternitos
1153 1914 1253 1970 tnasit
1267 1913 1401 1987 vigilans,
1414 1919 1447 1970 ut
1463 1920 1591 1972 vestrum
1603 1915 1663 1973 illia
1679 1917 1836 1991 exemploru

145 2001 450 2074 apertecorrigantur,
475 2016 563 2072 quem
580 2017 632 2073 pro
658 1999 718 2057 illis
743 2001 813 2057 boni
838 2008 965 2073 percant.
1019 2002 1173 2059 instructio
1200 2008 1229 2058 ct
1257 2002 1316 2058 vita
1352 2003 1494 2075 magistra
1520 2003 1576 2073 sit;
1607 2004 1718 2078 linguar
1747 2012 1835 2062 vestra

145 2089 228 2147 Unde
241 2089 375 2148 volumus
389 2107 439 2147 voa
454 2106 556 2147 omnes
572 2091 601 2145 in
617 2106 710 2147 unum
722 2089 875 2147 convenire
889 2090 967 2162 epis·
1018 2090 1219 2146 exhortatione
1233 2089 1347 2146 discant
1362 2089 1441 2163 quod
1471 2095 1616 2160 metuant,
1631 2097 1661 2148 et
1685 2092 1836 2150 doceantur

146 2198 245 2254 copes,
260 2189 290 2237 ut
305 2182 341 2238 de
353 2180 552 2238 incidentibus
569 2181 668 2237 causis
679 2180 727 2236 liet
746 2179 928 2253 disceptatio,
940 2185 968 2237 et
1020 2179 1098 2252 quod
1112 2179 1254 2253 diligant;
1269 2184 1303 2236 ut
1317 2179 1387 2236 dum
1413 2182 1522 2237 talenta
1542 2180 1654 2239 credits
1680 2198 1749 2241 cnm
1765 2184 1834 2239 locro

146 2271 273 2328 salubria
288 2271 324 2327 de
338 2269 534 2327 ecelesiastica
550 2270 750 2326 observatione
762 2269 887 2340 collatio,
899 2285 968 2341 qna·
1020 2268 1263 2341 multiplicentur,
1293 2267 1323 2324 in
1354 2268 1433 2325 diem
1460 2267 1662 2327 retributionis
1697 2276 1834 2329 monente

148 2366 234 2417 tenua
250 2362 319 2416 dom
333 2376 385 2432 per
399 2360 454 2416 hoc
469 2363 497 2415 et
513 2358 656 2431 praeterita
676 2360 874 2431 corriguntur,
885 2366 911 2414 et
923 2374 966 2415 re·
1019 2358 1116 2413 divina
1130 2357 1329 2429 gratiaaudire
1340 2359 1510 2415 mereamini
1525 2375 1533 2415 t
1549 2360 1633 2431 liupo,
1649 2375 1734 2418 seruc
1744 2362 1835 2419 boscct

146 2449 248 2522 golan:
264 2450 360 2504 lotura
383 2447 560 2519 suscipiunt,
576 2448 763 2519 omnipotens
780 2447 888 2519 ubique
912 2447 965 2503 Do·
1018 2447 1119 2519 fidelis,
1135 2449 1211 2503 intro
1226 2447 1405 2522 ingaudium
1420 2449 1834 2523 Domteitoi(liuttb.xxr‚2l,

146 2538 244 2595 minue
261 2540 383 2593 fratrum
398 2536 554 2593 concordia
567 2536 757 2593 collaudetur.
779 2537 869 2607 Cujus
885 2537 966 2593 vebia
1017 2536 1194 2609 tutonem
1211 2543 1349 2609 praterea
1375 2537 1412 2594 de
1427 2537 1563 2595 omnibus
1584 2555 1647 2610 que
1665 2541 1750 2598 vebia
1763 2540 1833 2597 eliis·

145 2629 249 2684 adesse
273 2626 472 2699 praesentiam,
487 2626 511 2682 si
529 2625 588 2681 bac
604 2625 836 2692 observaveritis,
853 2625 965 2695 scitoto,
1019 2642 1075 2699 que
1095 2626 1231 2683 tratribue
1251 2626 1369 2695 noetris,
1393 2630 1422 2683 et
1445 2626 1619 2700 generaliter
1640 2630 1767 2697 cunctis,
1790 2643 1833 2702 pro

145 2718 215 2790 quia
229 2718 371 2787 acriptum
383 2720 427 2771 est
437 2732 443 2770 :
453 2714 503 2772 titt
511 2717 618 2787 ssoerint
627 2715 680 2771 duo
690 2715 733 2772 vei
745 2722 801 2771 tres
808 2716 967 2788 concrepasti
1017 2715 1185 2773 illicitarum
1203 2732 1299 2772 rerum
1322 2714 1519 2787 prohibitione
1534 2716 1725 2788 scripsimus,
1738 2719 1833 2775 habero

145 2810 174 2863 ιἰι
189 2805 467 2873 commonueritis
477 2805 670 2861 mediceorem
684 2821 747 2861 som
761 2805 871 2877 (Metti.
883 2822 963 2875 xvrrv,
1017 2823 1068 2863 vos
1094 2822 1145 2878 per
1173 2806 1271 2862 omnia
1287 2821 1511 2879 cognoscamus,
1527 2807 1599 2879 qnia
1627 2809 1712 2865 omni
1746 2809 1832 2866 studio

142 2898 200 2968 20).
216 2896 247 2952 Si
259 2912 328 2969 ergo
339 2896 476 2967 dignator
490 2896 591 2952 edesse
606 2896 722 2953 duobua
736 2896 778 2952 vel
790 2897 882 2952 tribus
895 2912 964 2952 con·
1017 2897 1156 2968 omnique
1168 2896 1272 2952 adnisu
1298 2911 1415 2952 necesse
1429 2900 1473 2952 est
1490 2901 1521 2952 ut
1533 2897 1729 2955 fraternitatis
1744 2903 1833 2955 vestra

142 2986 272 3059 gregatis
286 2984 500 3057 quantomagis
516 3001 573 3042 non
590 2984 740 3042 deeritubi
751 2984 963 3057 plureeoonie·
1017 2984 1169 3057 uigilantia
1183 2984 1397 3057 compleantur,
1418 2987 1505 3057 atque
1521 2984 1580 3042 illio
1593 2988 1698 3044 omnia
1712 3004 1775 3061 quse
1789 3004 1834 3062 pro

145 3073 963 3147 ninntsaoerdotesilltqnldemqoiaadbibendumbisin
1019 3076 1186 3132 animarum
1211 3074 1386 3146 scripsimus
1412 3073 1506 3132 aalute
1529 3073 1658 3133 fideliter
1673 3092 1834 3136 recensean-

141 3162 963 3235 annoconcilinmPatrumaitreguliainstitutum,n0nla·
983 3131 1005 3199 C
1020 3170 1084 3232 tor;
1101 3168 1246 3236 quatenns
1258 3168 1287 3220 et
1301 3179 1350 3219 vos
1373 3179 1425 3237 per
1448 3163 1503 3221 hoc
1518 3173 1646 3222 vestrum
1661 3166 1755 3224 selom
1769 3182 1834 3241 qna·

142 3250 965 3323 tst.Sednelortealiqueexcusatiosit,semeldeorevimus
1020 3255 1084 3311 liter
1098 3253 1181 3311 vobis
1196 3252 1297 3310 illicita
1317 3253 1490 3324 displiceant
1504 3254 1679 3326 ostendatis,
1694 3257 1733 3329 (ol
1747 3262 1775 3314 et
1788 3272 1834 3313 nos

141 3340 424 3416 congregatim!
437 3339 963 3412 uterapectationeconciliinihilpra·
1021 3344 1130 3401 utiliter
1145 3342 1317 3415 providisse,
1333 3340 1383 3413 qui
1404 3357 1452 3398 vos
1470 3357 1502 3399 ec
1519 3348 1646 3400 vestram
1665 3345 1700 3401 ad
1717 3344 1770 3403 boo
1783 3360 1833 3418 pra

140 3429 962 3503 uum,nihilprasumatorillicitum‚Namplerumqueetai
1018 3431 1129 3489 ceteris
1145 3445 1299 3502 personam
1311 3428 1641 3502 elegimna,vidcamur.
1653 3432 1833 3507 Omnipotens

141 3519 962 3592 nonamorajuatitia,motutameocxaminationiaabsti-
1017 3527 1113 3579 autem
1134 3525 1211 3576 Deos
1226 3536 1280 3576 sus
1300 3535 1349 3575 vce
1374 3519 1551 3591 protectione
1567 3521 1727 3591 custodiat,
1750 3522 1835 3579 bono·

140 3615 227 3667 netur
241 3611 277 3666 ab
288 3609 344 3665 hoc
358 3607 436 3680 qood
451 3608 584 3664 omnium
594 3612 750 3665 notumeet
765 3624 847 3680 posse
858 3607 962 3680 dispii·
1017 3625 1136 3682 remque
1152 3610 1193 3683 (p)
1209 3614 1375 3681 perceptum
1386 3607 1468 3665 vobis
1484 3608 1624 3667 omnibns
1646 3627 1763 3669 servare
1776 3627 1834 3669 eon·

140 3716 204 3758 caro
214 3698 338 3772 judicio.
349 3703 443 3768 Hanc,
454 3698 542 3754 irater
551 3697 735 3766 charissime,
748 3698 963 3756 observantiam
1017 3702 1110 3758 cedat.
1126 3700 1218 3755 Amen
1234 3697 1283 3771 (p).

176 3845 216 3917 (n)
230 3843 325 3913 corb„
341 3841 434 3897 Vetic.
453 3842 474 3896 D
490 3844 518 3896 ot
537 3842 648 3898 Gemct.
669 3856 703 3897 ec
720 3840 847 3897 Pretell..
863 3851 894 3896 ut
907 3857 964 3897 om·
1015 3857 1134 3900 seruere.

137 3922 227 3971 ueste
259 3916 291 3970 et
303 3916 446 3969 nobiscum
460 3913 546 3968 alitos
561 3929 599 3981 es,
615 3921 698 3983 nepae
712 3914 834 3969 didicisti
847 3919 960 3971 sunder.
1052 3914 1088 3984 (t
1119 3914 1149 3969 ln
1176 3913 1235 3969 ilne
1254 3915 1322 3968 cod.
1346 3912 1428 3971 corb.
1453 3921 1482 3969 et
1505 3913 1619 3974 chvet.
1643 3914 1753 3990 legitur
1776 3919 1829 3973 dcta

185 3986 211 4056 o)
229 3932 353 4051 lquron„
368 3990 457 4041 atnoe
470 3985 589 4056 fideliter
603 3983 794 4056 obedisscpui.
1016 3930 1146 4043 defendis
1178 3985 1350 4056 Novembris,
1392 3984 1544 4043 indictione
1586 3986 1633 4056 12,
1677 3988 1828 4046 mendosis·

184 4059 215 4128 p)
235 4056 315 4113 Idem
338 4056 433 4112 Codex
448 4071 515 4112 cum
537 4055 649 4123 Norm.,
670 4066 826 4128 perceptum
840 4057 963 4114 moribus
1016 4058 1097 4115 utne.

726 4314 1240 4485 APPENDIX

450 4560 532 4657 AD
570 4558 787 4656 SANCTI
822 4560 1123 4658 GREGORII
1157 4560 1511 4657 EPISTOLAS.

133 4746 237 4806 1282
254 4745 274 4800 Ι.
290 4745 327 4818 (a)
340 4740 499 4816 Symbolum
514 4739 579 4811 filici
601 4739 766 4796 dictatoria
791 4738 867 4795 tecto
885 4743 953 4797 tirs-
969 4742 992 4808 Ι)
1008 4743 1250 4813 temporenatom
1261 4734 1811 4800 dePatre.0mniumvisibiliumctiovi·

129 4840 207 4911 perio
222 4853 307 4909 papo.
1005 4828 1808 4888 athiliumeondttersm.t.nmencaluminanenmvsuu

163 4927 254 4983 Credo
266 4925 296 4981 in
312 4939 407 4981 unum
422 4921 512 4977 Deum
529 4917 769 4990 omnipotentem.
782 4917 906 4989 Patrem,
922 4922 950 4975 et
1004 4916 1380 4990 debeovero.Splaudorem
1391 4916 1806 4993 gloviautguramaabstantic

130 5018 248 5085 Filium,
258 5018 288 5071 ct
302 5013 446 5085 Spiritum
462 5014 610 5076 sanctum,
624 5015 682 5063 tres
697 5023 847 5078 personas,
858 5025 948 5064 unam
1005 5007 1060 5072 oet
1076 5023 1198 5064 manens
1213 5006 1340 5064 Verbum
1355 5011 1423 5063 ants
1445 5009 1563 5076 socole,
1584 5011 1730 5081 perlectos
1743 5008 1804 5065 boot

130 5106 335 5164 substantiam.
351 5102 463 5158 Patrem
489 5097 665 5171 ingenitum,
679 5095 783 5152 Filium
800 5097 947 5169 genitum;
1003 5102 1119 5154 creatae
1135 5096 1374 5167 est,Joxtatloem
1383 5096 1805 5173 saeculorum;conceptusstrr

129 5195 271 5268 Spiritum
281 5210 347 5251 vero
357 5196 488 5247 sanctum
502 5204 555 5243 nec
566 5186 698 5257 genitum
711 5201 762 5241 nec
774 5186 947 5258 ingenitum,
1002 5191 1051 5244 tos
1066 5204 1101 5243 ex
1112 5186 1221 5258 Spiritu
1238 5187 1617 5260 aanoto‚etttariavirgino.
1629 5189 1803 5254 opinaturum

126 5287 177 5341 aed
188 5282 415 5346 coaternumdc
427 5279 509 5337 Patre
525 5276 635 5334 etFilio
651 5275 948 5347 procedentamdlon-
1002 5272 1803 5349 nostramsuscepitabsquepecoato.tttsubPoetieritatl

120 5376 207 5433 tlteor
222 5372 404 5445 unigenitum
417 5368 522 5425 Filium
544 5362 826 5423 consubetantialam
842 5370 872 5421 et
885 5366 948 5423 aine
1000 5363 1157 5422 crucifixus
1173 5368 1228 5431 eet,
1243 5367 1272 5421 et
1285 5363 1441 5438 sepultoa;
1457 5365 1545 5423 tertia
1564 5365 1615 5425 dia
1635 5364 1804 5425 resurrexit!
1851 5372 1854 5377 '

158 5520 267 5575 Fascis.
284 5519 306 5572 l.
323 5545 356 5555 -
372 5513 412 5584 (e)
431 5511 587 5581 Reperitor
602 5508 685 5564 initio
700 5504 825 5577 Regietri
838 5507 945 5580 Grego·
1001 5509 1087 5566 nobie
1102 5511 1255 5563 annotatas
1279 5508 1417 5581 reperies.
1442 5512 1505 5566 Hoc
1534 5510 1734 5569 consessionis
1759 5494 1803 5581 biti
1856 5516 1860 5533 ¹

120 5579 762 5652 vianienteomnesepistoles,inomnibue
788 5579 946 5636 iereCodi-
999 5579 1313 5653 symbolumasancto
1336 5580 1474 5647 Gregorio
1491 5584 1721 5653 pronuntiatum
1733 5574 1803 5655 onii·
1854 5582 1860 5639 i

1 5662 6 5667 '
118 5651 788 5722 cibestrianoexaratie;vet‘erturquealoen.
806 5651 944 5720 iliacono,
999 5669 1065 5709 mus
1081 5651 1111 5706 in
1140 5651 1204 5734 ipso
1227 5667 1287 5708 suo
1314 5651 1510 5711 ordinationis
1535 5661 1565 5712 ct
1593 5654 1804 5731 inaugurattut

114 5728 170 5787 lib.
188 5746 209 5788 ιι
223 5728 307 5795 Vite,
322 5742 348 5785 o.
364 5726 392 5795 2,
417 5723 469 5780 obi
488 5722 603 5792 aliquea
627 5722 758 5779 diversas
773 5723 912 5782 lectiones
928 5740 944 5782 ι
997 5723 1122 5783 solemni
1138 5728 1207 5780 rito.
1657 5766 1661 5773 .
