3908 6156
115 242 196 306 aces
337 241 368 303 s.
392 241 509 305 unae.
534 242 576 305 u.
599 224 877 309 nersronsenu
899 245 970 308 ua.
993 245 1286 310 xiv-inmun
1310 247 1376 310 vn.
1400 204 1591 310 arrsnsrv.
1661 238 1664 243 ’
1748 254 1859 318 nea·

118 379 204 453 prius
219 377 338 451 quidem
354 375 384 434 bi
400 394 527 451 quorum
538 378 662 436 interest
674 380 850 439 admonendi
866 385 947 453 sunt,
963 383 991 452 Α
1005 383 1167 456 presbyteri
1182 387 1212 440 st
1227 383 1355 453 diaconi,
1370 388 1531 458 ceteraque
1545 387 1747 448 ecclesiastica
1761 392 1828 450 olli·

118 469 152 522 ut
166 464 202 522 ab
222 464 276 530 eis,
300 468 331 521 te
354 464 511 522 insistente
537 469 626 537 etqua
655 465 820 537 solatiante,
851 468 946 526 modis
1003 472 1049 529 cie
1076 473 1292 530 subscribentes
1319 472 1468 545 prebuere
1491 491 1681 547 consensum,
1706 480 1827 541 demum

118 555 219 612 modis
233 552 373 610 omnibus
390 554 588 627 requirantur.
602 556 684 622 Quod
701 556 726 613 si
741 556 815 615 forte
829 556 875 614 vel
890 557 947 631 ipsi
1002 576 1070 618 cum
1087 561 1172 618 borto
1186 565 1215 619 et
1231 560 1336 619 balneo
1360 579 1425 635 suo,
1440 568 1529 637 atque
1544 567 1685 626 omnibus
1708 571 1745 626 ad
1762 586 1826 628 eam

117 644 301 719 negligentes
313 643 491 714 exstiterint,
506 643 550 701 vel
573 650 650 703 certe
670 645 721 719 qui
736 662 784 704 aar
798 647 946 718 requirere
1003 650 1228 724 pertinentibus,
1244 651 1275 708 in
1288 651 1343 709 bac
1358 653 1431 708 urbe
1444 655 1537 711 Roma
1557 655 1693 727 positam,
1710 675 1774 732 quar
1790 662 1826 717 ad

116 735 243 794 debeant
257 734 366 792 inventi
382 750 439 792 non
462 734 581 803 luerint,
597 740 668 794 tnnc
690 736 790 794 omnis
803 738 865 810 ipse
879 754 945 812 per·
1000 739 1051 812 lus
1066 741 1278 797 Panormitene
1296 741 1430 799 Ecclesie
1445 759 1479 800 ex
1494 742 1662 803 hereditate
1677 749 1827 821 quondam

116 824 215 900 quire,
232 828 321 897 atque
335 824 504 896 itareperts
519 824 665 896 recollige,
676 829 709 882 ut
723 842 814 883 manu
830 825 945 900 aliquod
1002 827 1079 885 Fieri
1106 829 1161 886 viri
1179 830 1327 903 magnifici
1352 831 1521 904 pervenisse
1545 833 1740 906 dignoscitur,
1759 855 1827 898 curn

114 913 531 988 judiciumiulerreouiquanr
546 915 820 974 minimevldearis.
1003 915 1193 976 dilectissimo
1209 919 1269 976 titio
1293 926 1394 978 nostro
1421 921 1587 994 Epiphanio
1612 924 1734 984 diacono
1763 944 1827 999 per·

152 1004 196 1062 lie
209 1003 397 1060 xenodochiis
416 1002 515 1075 itaque
537 1003 690 1061 llortulani
719 1009 807 1078 atque
825 1003 945 1062 Thomas
1002 1011 1117 1064 mutare
1133 1008 1296 1079 desiderem
1326 1014 1445 1084 propter
1463 1011 1518 1068 heo
1537 1013 1616 1086 quod
1631 1014 1737 1073 domus
1751 1017 1826 1089 ipss,

118 1093 161 1152 nil
179 1094 321 1151 hactenus
335 1092 441 1150 borum
453 1109 514 1167 qus
529 1092 669 1152 indicasti
683 1094 884 1168 cognorimus.
895 1095 946 1152 Ea·
1002 1095 1042 1153 ita
1054 1101 1135 1169 parte
1149 1097 1275 1170 detecta,
1290 1104 1374 1173 parte
1397 1100 1506 1169 diruta,
1530 1106 1613 1176 parte
1627 1103 1695 1177 igne
1718 1107 1827 1178 proba·

114 1188 236 1259 propter
250 1181 430 1256 experientia
444 1187 496 1240 tna
507 1183 671 1256 jussionem
687 1183 828 1257 principie
842 1200 878 1242 ex
890 1184 946 1243 boc
1001 1184 1050 1238 tur
1064 1198 1129 1241 esse
1142 1188 1327 1257 consumpta,
1344 1188 1377 1242 ut
1389 1185 1462 1243 nibil
1478 1187 1583 1246 exinde
1599 1191 1758 1260 commodi,
1773 1192 1827 1250 sic·

114 1273 216 1330 datam
232 1269 388 1344 diiigenter
402 1269 589 1344 inspiciebat
603 1271 945 1344 omniaseeundumejus
1001 1272 1175 1342 attestaris,
1191 1277 1259 1331 ante
1273 1273 1381 1332 multoe
1400 1275 1463 1346 jam
1478 1292 1571 1334 annos
1586 1282 1656 1336 tunc
1671 1294 1763 1353 nsque
1777 1297 1825 1338 eo·

119 1365 251 1420 tenorem
271 1361 420 1433 disponat,
435 1363 463 1417 et
480 1360 565 1418 nobis
585 1360 726 1435 quidquid
751 1360 842 1434 egerit
860 1361 947 1419 inno·
1001 1357 1171 1417 clesiastieis
1194 1360 1371 1419 utilitatibus
1399 1365 1541 1437 potuisset
1563 1368 1710 1436 accedere,
1735 1372 1825 1442 atque

119 1452 222 1509 ιιιιιι.
1002 1448 1056 1505 hac
1071 1453 1101 1506 in
1113 1465 1145 1506 re
1160 1455 1260 1508 nostra
1274 1451 1328 1508 tibi
1350 1452 1413 1509 dari
1438 1453 1570 1527 postulas
1595 1457 1767 1514 auctoritate
1786 1457 1823 1514 li·

152 1539 195 1597 lie
211 1539 264 1596 boc
281 1536 373 1612 igitur
387 1538 465 1611 quod
490 1537 645 1610 scripsisti,
668 1539 787 1596 fratrem
803 1542 832 1595 et
849 1539 945 1612 coepi·
1001 1538 1147 1607 centiam3
1163 1539 1340 1612 provisionis
1354 1545 1412 1598 tua
1440 1541 1634 1602 intentionem
1656 1544 1827 1620 diligentius

121 1642 231 1701 copam
261 1631 395 1685 nostrum
408 1625 584 1685 ianuarium
611 1631 741 1699 tempore
760 1644 819 1701 quo
837 1626 947 1684 sacriti-
1000 1625 1160 1697 intuentes,
1176 1634 1332 1702 postquam
1346 1635 1375 1688 et
1391 1630 1475 1689 nobis
1491 1631 1640 1706 cognitum
1652 1641 1695 1691 eat
1705 1635 1827 1694 domum

115 1715 196 1776 olum
211 1716 338 1774 celebrat
352 1720 463 1773 tantam
490 1716 551 1790 pati
577 1715 743 1789 frequenter
763 1715 943 1790 angustiam,
960 1757 984 1824 B
1000 1714 1095 1788 ipsam
1111 1715 1140 1771 in
1155 1731 1190 1774 eo
1210 1733 1274 1775 esse
1292 1724 1369 1776 statu
1385 1736 1445 1793 quo
1471 1722 1588 1794 asseris,
1604 1728 1694 1796 stqne
1714 1725 1756 1782 ita
1769 1725 1827 1782 ml·

114 1813 149 1865 ιι
163 1807 212 1864 vix
226 1809 293 1880 post
307 1805 394 1878 longa
417 1804 569 1863 intenalla
590 1805 626 1863 ad
651 1804 748 1863 locum
770 1807 808 1879 (s)
823 1806 945 1864 canonia
1000 1807 1088 1861 nante
1102 1805 1188 1862 ruina
1208 1809 1336 1879 quotidie
1359 1809 1533 1868 deteriorem
1556 1811 1752 1884 beriniaco
1779 1831 1826 1872 so·

115 1894 213 1955 redire
227 1895 323 1953 valeat
343 1910 430 1969 quem
455 1894 583 1968 reliquit,
608 1903 696 1968 atque
710 1911 746 1953 ex
765 1894 819 1952 boc
834 1894 944 1953 multos
999 1891 1060 1950 lum
1081 1893 1214 1953 Ecclesia
1230 1904 1285 1952 tua
1301 1913 1359 1953 non
1391 1898 1483 1966 utilis,
1508 1902 1556 1956 sed
1581 1901 1678 1975 potius
1700 1903 1827 1964 subinde

116 1984 252 2046 dubitare
267 1987 294 2043 si
307 1985 547 2043 communionem
563 1986 689 2043 debeant
708 1986 745 2043 de
764 1985 829 2058 ejus
844 2001 944 2044 conse
998 1981 1139 2041 damnosa
1165 2000 1252 2057 posse
1265 1985 1399 2043 videatur
1423 1988 1562 2060 existere3
1584 1990 1693 2049 idcirco
1707 2009 1826 2065 permu-

115 2075 246 2134 cratione
261 2075 421 2149 percipere,
445 2073 622 2132 admonendi
645 2077 716 2132 sunt
730 2077 763 2130 ut
777 2073 944 2130 nullatenus
998 2071 1080 2128 tandi
1096 2072 1147 2129 tibi
1163 2090 1227 2130 eam
1243 2089 1311 2132 cnm
1330 2074 1436 2133 balneo
1451 2080 1480 2133 et
1495 2077 1576 2134 borio
1590 2095 1656 2148 suo,
1676 2083 1827 2141 omnibus·

112 2165 335 2240 pertimescant,
365 2164 417 2222 sed
442 2180 510 2220 cum
536 2163 617 2222 omni
645 2163 703 2221 ilde
731 2167 761 2222 et
789 2163 945 2222 securitate
999 2177 1056 2233 qus
1078 2162 1302 2235 generaliterad
1327 2179 1392 2221 eam
1417 2166 1739 2240 pertinentibus,juxie
1754 2171 1825 2244 petl-

114 2253 346 2322 sommunioent,
363 2254 431 2326 quia
446 2253 588 2328 egritudo
603 2252 825 2326 peraoas'sacri
838 2255 945 2327 myste·
998 2251 1108 2307 tionem
1118 2255 1210 2320 tuam,
1227 2268 1316 2324 quam
1331 2254 1462 2312 veritatis
1484 2258 1514 2312 et
1537 2256 1661 2315 rationis
1677 2261 1754 2331 apud
1770 2277 1824 2318 nos

114 2343 152 2400 rit
166 2342 398 2400 benedictionem
415 2357 468 2400 neo
487 2346 585 2399 mutat
599 2356 652 2398 nec
668 2339 785 2415 polluit.
800 2339 945 2398 seoretius
999 2339 1071 2396 ordo
1085 2340 1227 2409 suliuleit,
1238 2341 1329 2415 buius
1344 2343 1528 2401 auctoritatis
1543 2350 1651 2403 nostras
1664 2347 1740 2405 serie
1753 2347 1825 2406 libe·

114 2436 216 2490 ιιιιιιι
231 2432 351 2489 omnino
372 2431 450 2488 idem
476 2430 566 2488 irater
596 2439 696 2488 noster
710 2430 875 2489 bertandus
888 2433 944 2498 est,
999 2444 1063 2485 ram
1078 2432 1242 2502 peremnia
1255 2431 1446 2491 concedimus
1471 2433 1653 2505 facultatem,
1676 2440 1823 2509 qnatenus

114 2526 150 2581 ιι
169 2524 282 2596 quoties
308 2521 438 2594 aliquam
466 2520 631 2579 molestiam
659 2520 794 2590 senserit,
824 2536 883 2577 non
909 2520 944 2593 (ιι
999 2517 1712 2597 hujusmodiecceptalieentia,neotec'ulpade
1731 2529 1824 2584 ιιιιι·

117 2613 266 2687 procedat,
283 2627 319 2669 ue
334 2626 371 2667 ex
384 2611 439 2668 boc
458 2614 488 2668 et
503 2627 544 2690 'se
568 2608 790 2684 despiciendum
806 2610 944 2685 praebeat,
999 2607 1083 2665 ritate
1095 2608 1140 2665 vel
1155 2609 1302 2668 incautela
1321 2611 1466 2682 respiciat,
1492 2628 1546 2669 neo
1571 2610 1621 2669 ille
1642 2611 1753 2686 aliquid
1767 2614 1824 2672 du-

120 2706 150 2761 ιι
166 2701 352 2758 intirmorum
369 2699 477 2758 animis
492 2699 661 2757 scandalum
676 2700 775 2758 iaciat.
988 2697 1119 2754 bietatis
1138 2699 1279 2758 incurrat.
1308 2700 1381 2758 Nam
1411 2700 1565 2774 providum
1594 2702 1768 2776 salubreque
1781 2708 1826 2762 est

155 2792 297 2849 Preterea
319 2789 530 2863 Pomponiana,
555 2787 693 2862 religiosa
704 2788 825 2859 femina,
842 2792 946 2862 questa
1000 2786 1109 2859 aliquid
1129 2790 1294 2862 compendii
1310 2806 1475 2863 procurare,
1491 2792 1569 2849 unde
1590 2792 1672 2849 nulla
1699 2809 1766 2867 spes
1780 2797 1826 2851 est

105 2880 207 2940 ,nobis
221 2884 267 2938 est
280 2879 635 2952 hereditatemqaondam
647 2879 746 2952 generi
759 2878 804 2936 sui
819 2878 946 2953 Epipba-
999 2876 1085 2948 lucri,
1101 2880 1151 2937 aed
1168 2880 1259 2952 magis
1273 2880 1373 2938 damni
1390 2880 1522 2940 formido.

115 2969 171 3041 nil,
186 2969 217 3026 in
238 2985 298 3042 qua
310 2968 493 3044 Epiphanius
512 2968 590 3025 idem
615 2969 775 3026 listronam
791 2968 945 3041 conjugem
1295 2987 1468 3046 gppgpopq
1484 2989 1529 3046 pv·

117 3074 206 3118 suam
223 3058 313 3115 tiliam
328 3058 462 3116 antelata
478 3056 680 3129 Pomponiana
695 3056 945 3115 usalrnctuariam
1089 3093 1126 3134 A„
1144 3092 1293 3135 mm
1307 3093 1489 3135 mmm„
1504 3093 1737 3137 mmmm

120 3149 325 3219 constituerat,
337 3147 514 3206 monasterio
529 3150 604 3222 quod
617 3146 647 3205 in
662 3148 749 3205 domo
763 3164 816 3205 sua
831 3145 947 3205 fundari
961 3135 986 3203 C
1003 3165 1167 3226 milam,-
1179 3163 1302 3236 epm,
1314 3166 1424 3222 acu-pm,
1439 3166 1577 3238 imppp,
1591 3169 1651 3222 pum
1665 3173 1697 3225 ,η
1709 3169 1758 3224 m,
1771 3168 1827 3225 cp„

123 3243 282 3308 statuerat,
307 3244 336 3297 et
370 3246 472 3312 postea
509 3236 652 3296 exstincto
675 3238 829 3295 usufructu
853 3237 947 3295 modis
1037 3254 1130 3295 rosae
1145 3237 1317 3306 charitatem,
1337 3240 1397 3292 tem
1420 3241 1451 3293 ot
1469 3237 1654 3295 obedientiam
1679 3239 1827 3298 ittielerus

123 3328 262 3388 omnibns
277 3329 470 3402 profuturam,
486 3332 575 3401 atque
599 3327 656 3383 alia
678 3343 745 3400 quas
768 3326 861 3385 eidem
886 3326 948 3383 lila-
1038 3309 1177 3367 ‘xliiii'-

121 3423 215 3476 trous
241 3417 428 3491 proprietatis
450 3417 519 3489 J'ure
545 3416 710 3490 probantur
723 3422 898 3487 competere,
911 3415 948 3473 ab
1037 3414 1194 3487 Gregorius
1208 3413 1331 3472 Fantino
1346 3413 1494 3471 defensori
1507 3414 1727 3474 Panormitano.

123 3508 302 3582 experientia
316 3513 367 3564 tna
385 3512 414 3564 et
438 3523 455 3563 a
474 3506 716 3564 reverendissimo
737 3507 825 3564 tratre
839 3510 868 3564 et
882 3521 948 3563 eoo·
1038 3504 1120 3562 Talia
1130 3505 1166 3562 ad
1184 3521 1237 3562 noa
1251 3505 1287 3561 de
1301 3504 1390 3562 tratre
1400 3509 1429 3561 et
1444 3502 1619 3577 coepiscopo
1631 3513 1731 3564 nostro
1745 3505 1827 3564 Exbi·

123 3599 245 3674 piscopo
260 3603 359 3654 nostro
375 3597 514 3654 ianuario
529 3595 638 3667 injuste
654 3595 779 3664 sublata,
794 3600 824 3654 et
844 3596 947 3653 exinde
1002 3592 1104 3664 larato,
1120 3596 1196 3652 siout
1207 3597 1235 3651 st
1249 3593 1312 3666 ipse
1327 3593 1415 3661 nosti,
1432 3597 1709 3665 perveneruntque
1731 3595 1829 3653 distri·

123 3686 199 3746 nihii
214 3686 366 3756 hactenus,
386 3687 429 3742 vel
455 3685 523 3742 titia
546 3702 605 3742 sus
625 3685 782 3756 redditum,
811 3686 854 3743 vei
881 3702 947 3753 pro·
1002 3688 1049 3738 cta
1063 3683 1182 3740 omnino
1197 3690 1293 3740 essent
1307 3681 1419 3738 ultione
1434 3680 1609 3756 plectenda;
1624 3684 1672 3740 sed
1688 3683 1827 3757 quoniam

124 3777 228 3837 iecisse
242 3775 429 3832 monasterio.
452 3774 532 3843 Quod
557 3774 580 3829 si
609 3774 650 3830 ita
672 3775 778 3831 veritae
792 3790 824 3831 ss
848 3774 946 3842 babet,
1003 3768 1047 3826 bis
1061 3787 1125 3826 eam
1142 3770 1405 3828 reverendissimus
1420 3771 1508 3828 irater
1527 3776 1557 3827 et
1571 3773 1760 3844 coepiscopus
1773 3789 1827 3830 no·

124 3864 274 3938 etallquid
289 3871 317 3920 te
336 3864 504 3921 indecenter
529 3863 632 3919 iecisse
653 3861 817 3935 cognoscis,
837 3864 947 3935 absque
1001 3863 1063 3916 ster
1078 3859 1142 3929 leo,
1158 3860 1207 3932 qui
1220 3861 1309 3917 etiam
1326 3859 1357 3916 in
1378 3877 1469 3918 eausa
1488 3863 1554 3935 ejus
1565 3861 1694 3932 judicem
1711 3877 1742 3918 se
1757 3862 1829 3920 luia·

125 3954 186 4012 ulla
201 3970 284 4011 more
298 3953 396 4010 ablata
411 3955 548 4022 restitum
565 3957 616 4008 aut
638 3958 716 4008 certe
739 3952 764 4007 si
780 3951 865 4009 aliter
882 3968 948 4010 esse
1001 3963 1034 4005 se
1048 3953 1172 4006 testatus
1188 3955 1241 4015 sat,
1259 3949 1405 4024 levigavit,
1420 3951 1456 4007 ad
1473 3951 1632 4009 Ecclesiam
1646 3965 1730 4009 suam
1743 3950 1829 4010 illum

122 4051 224 4119 putes,
239 4058 275 4100 ne
292 4042 404 4116 gravari
426 4060 496 4117 pars
516 4041 635 4099 adversa
655 4041 892 4115 praejudicialiter
905 4042 946 4098 vi·
1001 4038 1292 4096 retransmittendum
1332 4056 1397 4097 esse
1427 4039 1626 4113 previdimus,
1661 4039 1830 4112 judicantes

123 4137 237 4201 deatur,
251 4133 410 4190 electorum
431 4148 497 4188 eam
512 4148 544 4189 ea
564 4130 709 4202 judicium
734 4131 788 4188 bac
809 4133 844 4187 de
858 4147 949 4188 causa
1002 4128 1139 4186 suilieera
1154 4128 1194 4184 illi
1211 4128 1266 4186 hoo
1281 4131 1358 4202 quod
1375 4145 1443 4187 eum
1461 4130 1508 4188 bic
1532 4130 1636 4188 120⁸
1652 4129 1763 4188 diutine
1785 4146 1831 4188 re·

125 4221 209 4279 nullo
225 4223 310 4278 modo
322 4223 418 4279 subire
434 4227 606 4293 postponas,
618 4225 649 4276 ut
665 4225 763 4277 utrum
779 4236 847 4278 vera
858 4222 951 4292 juata·
1002 4217 1306 4277 tinentesalilixlmue.
1324 4221 1427 4292 ltaque
1452 4219 1637 4291 experientiae
1655 4224 1712 4275 tus
1731 4219 1832 4292 preci·

124 4316 260 4386 qaseJ'us
286 4313 326 4370 sit
354 4310 548 4386 querimonia,
578 4309 747 4367 delinitione
767 4309 869 4380 judicii
898 4309 949 4365 de·
1003 4306 1102 4378 pimus
1117 4313 1148 4362 ut
1162 4323 1231 4380 erga
1248 4323 1344 4364 mores
1355 4313 1495 4378 actusque
1510 4307 1697 4364 illinacuram
1713 4306 1829 4379 habeat,

121 4400 260 4458 claretur.
1003 4405 1093 4471 atque
1108 4415 1176 4456 eum
1197 4402 1365 4470 i'requenter
1392 4400 1559 4467 admoneat,
1573 4403 1717 4468 quatenus
1742 4412 1774 4453 se
1794 4397 1831 4453 ad

415 4488 595 4547 uuisioni
612 4487 659 4546 ιιι.
966 4487 1237 4574 „impendendum
1254 4487 1368 4543 clericis
1389 4502 1453 4543 suis
1467 4487 1640 4543 charitatem
1657 4484 1829 4557 benignum,

230 4595 266 4637 an
283 4595 414 4638 saianans
433 4593 665 4637 riaoaiarrirvuss
684 4591 847 4633 serscornrr.
1007 4585 1038 4636 et
1051 4583 1075 4633 si
1092 4593 1138 4633 res
1152 4578 1290 4649 exegerit,
1304 4577 1339 4631 ad
1360 4576 1550 4648 corrigendas
1567 4574 1668 4646 culpas
1682 4574 1784 4631 debeat
1797 4587 1830 4632 so

122 4669 246 4729 Positum
262 4671 355 4728 boma·
368 4669 480 4726 domam
494 4684 556 4725 cem
575 4665 730 4739 Epipbnaie
744 4669 876 4723 ltemouae
898 4667 952 4723 Ec·
1008 4666 1144 4724 exhibere
1158 4664 1327 4722 sollicitum.
1344 4663 1398 4721 Sed
1415 4670 1444 4721 et
1460 4662 1571 4720 clerum
1585 4664 1651 4735 eius
1672 4663 1830 4720 admonere

271 4759 363 4815 ateste
376 4759 492 4815 ιιίιιιιι
505 4767 666 4829 permature
678 4752 810 4811 concedit·
1008 4760 1036 4814 ta
1051 4756 1199 4819 volumus.
1228 4758 1260 4813 ui
1295 4752 1492 4811 humilitatam
1517 4751 1570 4820 illi,
1586 4768 1621 4809 ac
1635 4751 1830 4813 obedientiam

164 4847 437 4919 Gregoriusloanni
452 4847 587 4919 episcopo
603 4842 819 4900 Panormitano.
1009 4861 1097 4919 quam
1131 4843 1274 4902 Dominus
1302 4846 1432 4913 mundat,
1465 4841 1608 4912 exhibeat,
1637 4857 1690 4898 nec
1718 4842 1749 4898 in
1779 4840 1830 4898 ali·

161 4938 246 4995 Sicut
256 4939 361 4996 rationi
372 4935 517 4994 contraria
531 4934 632 5007 procul
647 4936 694 4989 est
707 4930 874 5002 abjicienda
884 4932 954 5004 peti·
1008 4951 1067 5009 quo
1081 4934 1123 4991 vlli
1140 4933 1287 5007 superbus
1302 4937 1459 5006 presumat
1478 4931 1612 4991 existere.
1627 4930 1709 5005 Quod
1725 4930 1750 4987 el
1765 4929 1830 5003 qula

125 5022 954 5100 tio;italnhisquebenedesideranturedectumnegare
1007 5040 1121 5090 sorum,
1137 5024 1175 5096 ιι)
1198 5024 1227 5080 ιι
1255 5029 1301 5080 est
1329 5023 1389 5080 sive
1411 5021 1577 5094 episeopus,
1604 5019 1666 5077 sire
1693 5020 1829 5089 clericus,

130 5111 953 5189 noneonvenitouiaigitur,utiraternitatiatuepetitio,
1007 5113 1237 5172 admonitionem
1265 5120 1345 5170 tuam
1375 5112 1545 5186 neglexerit,
1571 5127 1606 5168 ex
1638 5109 1693 5167 bac
1729 5115 1832 5169 nostra

123 5222 189 5281 quaa
205 5211 321 5265 tenetm
331 5207 362 5263 in
377 5205 519 5272 subditis,
530 5202 707 5272 conbustio
717 5217 777 5275 qua
787 5209 883 5259 tecum
894 5216 952 5259 uua
1007 5201 1175 5261 auctoritate
1194 5201 1335 5260 canonica
1358 5201 1521 5259 coerctione
1545 5198 1746 5259 inobedientia
1767 5197 1831 5255 cul·

157 5383 198 5457 (e)
226 5381 370 5440 observat
403 5381 599 5448 idabilloniua,
630 5384 787 5437 comment.
824 5380 854 5436 ln
882 5379 951 5439 0rd.
1006 5377 1079 5434 Vide
1093 5380 1154 5434 not.
1169 5377 1215 5441 ιι.
1232 5375 1348 5434 delb.
1359 5377 1490 5435 Sacram.

118 5455 219 5523 lium„
235 5469 300 5527 pag.
317 5451 364 5520 48,
381 5467 481 5522 preces
495 5452 562 5511 ilias
599 5469 651 5510 uas
679 5451 814 5508 absoluto
829 5451 952 5526 trisagio
1042 5447 1076 5521 (ι)
1092 5447 1166 5516 Quid
1182 5450 1222 5506 sit
1233 5448 1445 5521 procederalam
1460 5448 1530 5506 aiibi
1545 5446 1711 5518 docuimus,
1722 5450 1751 5506 et
1764 5447 1830 5506 iuss

117 5526 257 5584 sacerdos
270 5523 422 5580 submissa
440 5540 507 5583 voce
532 5470 646 5590 recitat,
658 5525 822 5606 cononicam
845 5538 952 5597 precam
1006 5521 1124 5648 sassnnlt
1138 5525 1208 5577 nota
1222 5520 1271 5576 lii
1287 5519 1317 5576 ln
1335 5519 1413 5577 tibr.
1431 5520 1562 5579 Sacram.

119 5593 290 5678 appellasse
308 5599 428 5659 veteres,
444 5595 472 5649 in
503 5596 606 5667 primis
631 5594 771 5669 vigilium
797 5612 899 5670 papam
921 5596 951 5652 ia
1065 5607 1136 5649 arsr.
1150 5589 1198 5649 ill.
1214 5590 1256 5648 tt.
1267 5591 1314 5659 60,
1330 5592 1389 5650 tad.
1405 5593 1433 5650 d.

121 5665 249 5742 epistola
271 5664 308 5721 ad
334 5662 517 5725 Profuturum
536 5668 706 5740 episcopum
729 5666 950 5729 Bracarensem.
1040 5668 1135 5726 Eetsr.
1150 5661 1189 5720 IV
1202 5662 1262 5739 [At.
1275 5664 1322 5729 ci.
1333 5664 1392 5721 tad.
1407 5665 1447 5739 dl.
1462 5663 1503 5738 (ι)
1518 5663 1562 5721 Ιιι
1597 5662 1708 5735 niaque
1721 5659 1828 5730 Velio„

123 5738 244 5799 rnen
256 5733 339 5790 tilam
363 5746 501 5796 oanouem
527 5741 642 5813 primm
666 5743 719 5796 aut
740 5741 818 5799 inter
860 5744 951 5804 rimus
1006 5750 1108 5797 omnes
1121 5733 1347 5808 Norm..Curb.,
1367 5744 1432 5801 etc..
1450 5751 1518 5793 cnm
1541 5736 1571 5792 in
1627 5730 1830 5804 cusialegltar

127 5805 261 5866 absoluta
274 5801 357 5859 rotat
365 5798 534 5885 Gregorius,
544 5808 594 5868 lib.
609 5824 649 5880 rx,
658 5807 760 5868 indict
770 5810 799 5882 2.
810 5761 897 5894 epist.
906 5813 950 5871 ιι.
1007 5809 1095 5881 idest,
1112 5805 1201 5867 treas
1214 5807 1272 5866 aios
1284 5807 1414 5881 ebriata,
1430 5812 1481 5866 sut
1494 5806 1537 5864 nal
1550 5801 1656 5864 clerus.
