3908 6156
138 276 1852 350 &mm—*Q

770 442 1221 568 PRAEFATIO

438 677 505 774 iu
539 673 789 771 Liuium
822 671 1103 768 aunuum
1136 671 1546 774 Piisroniims.

176 903 197 957 1.
208 903 280 955 Post
289 896 442 971 exegetica
459 895 489 950 iii
505 894 688 964 Scripturam
704 908 819 948 sacram
832 890 928 962 primo
950 895 1031 946 tomo
1055 890 1279 962 comprehensa.
1302 890 1335 946 in
1359 892 1416 949 hoc
1436 894 1568 951 secundo
1583 899 1727 969 complexi
1743 916 1847 958 suiuus

140 973 256 1043 reliqua
271 970 449 1025 indubitatas
465 965 534 1021 tidei
551 968 731 1038 Gregoriaiiu
746 980 847 1035 opera,
863 963 960 1018 oniiiis
976 961 1213 1033 interpolationis
1237 963 1380 1034 expertia,
1407 964 1611 1038 cujuscunque
1627 971 1689 1026 siut
1707 973 1847 1044 generis:

136 1047 198 1100 sire
214 1042 402 1111 apologetica.
420 1055 472 1110 pro
488 1038 652 1093 detractate
668 1052 746 1091 curas
763 1033 1038 1105 pastoralisouere;
1055 1035 1114 1089 sive
1131 1035 1424 1099 tiistortcu,nimirum
1440 1035 1592 1110 dialogum
1609 1040 1669 1096 siva
1683 1043 1847 1109 diipmritico.

136 1124 166 1171 et
181 1117 326 1171 cniiunicii.
344 1111 512 1192 liegistrum
527 1107 664 1163 videlicet
682 1106 892 1176 Epistularum,
913 1104 1021 1176 quibus
1046 1105 1216 1161 universum
1237 1121 1313 1176 pene
1333 1106 1386 1175 jus
1408 1107 1586 1164 canonicum
1608 1112 1785 1168 continetur.
1814 1115 1849 1170 Ut

135 1194 241 1244 autern
255 1183 441 1256 apologetico
457 1180 532 1235 libro
547 1180 666 1253 Regiilau
683 1176 841 1232 Pastocalis
857 1183 969 1231 tomnui
987 1178 1067 1232 bunc
1082 1175 1248 1232 secundum
1264 1178 1497 1248 suspicaremur,
1514 1179 1848 1252 multapersuaseruut;

136 1258 308 1331 pracsertim
324 1250 464 1323 Opusculi
481 1251 651 1321 antiquitas,
669 1249 840 1320 praestantia
856 1255 885 1302 ct
897 1247 1019 1302 utilitas.

174 1331 276 1384 Primo
292 1327 415 1397 quidem
432 1323 576 1394 scriptum
593 1338 656 1376 esse
670 1326 740 1375 ante
754 1319 899 1392 Dialogus,
916 1318 1173 1390 Epistolarumque
1188 1319 1364 1392 Registrum,
1381 1320 1491 1403 inipso
1507 1321 1552 1377 sui
1569 1322 1758 1393 pontificatus
1768 1341 1846 1382 exor·

138 1401 202 1465 dio,
220 1416 281 1455 nou
291 1398 419 1453 obscure
440 1399 566 1449 testatur
580 1394 642 1464 ipse
658 1397 778 1447 sanctus
794 1392 912 1455 Ductor,
929 1390 959 1446 iii
978 1391 1063 1472 epist.
1082 1389 1154 1446 olim
1165 1391 1209 1455 16,
1227 1406 1308 1445 nunc
1322 1393 1367 1455 48,
1382 1389 1448 1446 libri
1465 1408 1485 1447 i.

177 1469 326 1531 Secundo,
343 1484 379 1522 ex
394 1466 536 1522 omnibus
551 1465 646 1519 sancti
662 1461 792 1535 Gregorii
806 1461 1062 1517 lucubrationibus
1078 1460 1157 1516 nulla
1173 1468 1217 1516 est
1232 1462 1430 1533 praestantior,
1447 1463 1508 1519 sive
1524 1464 1615 1520 totius
1630 1465 1729 1537 operis
1739 1467 1810 1524 ordo
1821 1476 1850 1525 at

146 1542 326 1603 oecouomia,
340 1540 400 1593 sive
416 1536 633 1592 sententiarum
649 1534 734 1604 copia
750 1533 925 1605 pondusque
940 1531 1171 1604 perpendantur.

181 1614 288 1676 Tertio,
304 1610 381 1666 nibil
394 1609 481 1664 estin
499 1613 560 1662 toto
577 1606 628 1661 illo
644 1604 745 1660 libello
780 1604 848 1659 lane
864 1620 964 1669 aureo,
981 1603 1060 1675 quod
1080 1603 1243 1658 maximam
1267 1620 1329 1660 non
1352 1605 1457 1661 afferat
1472 1605 1644 1673 utilitatem,
1666 1624 1727 1665 non
1754 1610 1850 1668 solum

147 1685 296 1757 episcopis
311 1681 440 1761 aliisque
454 1623 813 1803 animarumgastoriliwus
838 1681 867 1730 et
891 1674 1078 1756 rectoribus3
1101 1673 1153 1730 sed
1182 1675 1271 1731 etiam
1294 1676 1434 1732 omnibus
1463 1683 1493 1733 et
1516 1678 1640 1750 singulis
1664 1680 1849 1748 Christianis,

144 1758 276 1813 martine
292 1753 402 1824 quibus
418 1750 554 1823 regenda
569 1749 639 1805 tami
654 1765 689 1802 ue
703 1764 773 1803 cura
789 1745 943 1801 incumbit.

176 1830 211 1881 11.
230 1827 306 1880 ltine
323 1824 360 1878 ab
376 1822 521 1877 universis
537 1827 596 1874 tain
611 1819 719 1875 Grauis
733 1834 823 1888 quain
841 1818 950 1872 Latinis
972 1816 1054 1872 avide
1079 1818 1235 1887 expetitus,
1260 1833 1368 1889 magno
1395 1819 1499 1890 plausu
1522 1825 1661 1892 exceptus
1684 1826 1738 1878 est.
1765 1823 1850 1880 llunc

145 1905 264 1953 sanctus
281 1894 419 1951 Leander
433 1892 617 1963 Hispalensis
632 1890 790 1960 episcopus
804 1888 841 1944 ab
852 1889 947 1943 amico
963 1887 1101 1961 Gregorio
1117 1887 1174 1942 sibi
1189 1888 1335 1944 directum
1353 1891 1542 1946 exosculatus
1553 1898 1607 1956 est,
1625 1908 1658 1947 ac
1668 1892 1699 1947 in
1710 1894 1851 1951 omnibus

147 1970 357 2040 Hispaniarum
373 1964 515 2020 Ecclesiis
542 1962 694 2034 evulgavit.
721 1961 803 2016 llunc
827 1960 985 2015 Mauricius
1009 1965 1159 2041 Augustus
1183 1961 1219 2014 ab
1249 1960 1381 2017 Anatolio
1405 1961 1530 2018 diacono
1553 1963 1757 2034 impetratum,
1783 1981 1852 2022 cum

140 2044 272 2096 maxime
289 2037 460 2109 placuisset,
477 2036 634 2090 Anastasio
650 2032 816 2088 Antiocliiui
840 2032 979 2102 episcopo
996 2031 1027 2085 in
1051 2029 1180 2103 linguam
1197 2032 1326 2087 Graecavu
1349 2033 1589 2089 transferendum
1615 2035 1736 2090 tradidit
1755 2037 1806 2163 (ili),
1822 2042 1853 2093 et

139 2110 324 2183 publicavit;
339 2106 421 2179 quod
436 2122 513 2177 nigre
529 2106 597 2161 tulit
612 2110 732 2159 sauctus
747 2104 855 2158 lioctoc
870 2102 1037 2157 humilitate
1053 2118 1113 2157 non
1129 2102 1227 2158 minus
1243 2119 1332 2174 quani
1345 2104 1469 2159 scientia
1481 2106 1754 2176 praestantissimus.
1793 2124 1851 2164 unc

140 2183 227 2249 Angli
244 2198 261 2235 a
275 2180 381 2252 primis
395 2176 545 2249 Evangelii
576 2175 761 2248 preconibus
772 2174 865 2229 nostri
881 2173 1012 2245 Gregorii
1028 2171 1181 2244 discipulis
1197 2173 1320 2229 allatum
1336 2191 1453 2230 summo
1466 2176 1496 2231 in
1506 2178 1601 2246 pretio
1613 2193 1732 2248 semper
1741 2179 1851 2235 babue-

140 2262 221 2309 runt.
234 2254 275 2307 Ne
287 2267 353 2306 vero
365 2249 419 2305 soli
431 2250 481 2319 qui
495 2248 584 2303 latine
596 2247 730 2302 sciebant
745 2246 834 2317 hujus
848 2245 915 2299 libri
928 2244 1073 2299 t'riictibus
1086 2250 1289 2316 pascerentur,
1307 2244 1689 2303 Allradus'Occidentalium
1701 2248 1849 2305 Saxonum

140 2342 193 2380 rex
207 2321 459 2394 sapientissimus,
475 2319 651 2375 Oxoniensis
663 2317 830 2373 Academias
842 2316 991 2384 tundatur,
1002 2315 1100 2387 ipsum
1111 2316 1254 2371 Saronico
1264 2318 1360 2379 uertit,
1377 2323 1408 2372 et
1418 2317 1480 2372 suis
1492 2318 1681 2389 popularibus
1692 2320 1849 2390 praemissa

143 2396 318 2468 pretatione
332 2392 535 2459 pravissimum
551 2406 660 2445 munus
676 2388 800 2452 obtulit:
818 2388 904 2459 cujus
923 2386 1070 2443 versionis
1083 2393 1202 2443 exstant
1216 2388 1408 2460 exemplaria,
1426 2393 1488 2445 tum
1503 2389 1535 2445 iu
1550 2389 1734 2446 bibliotheca
1758 2392 1852 2448 Sauc-

143 2468 270 2523 tissima
284 2465 436 2521 Trinitatis
453 2461 699 2534 Gaiitabrigensis‚
711 2466 774 2515 tuin
790 2459 820 2514 in
834 2458 1021 2514 cottoniana.

180 2539 229 2593 111.
248 2540 352 2591 i'eruin
368 2533 476 2590 nullibi
492 2532 671 2588 existimatio
687 2532 724 2587 de
738 2531 793 2586 boc
808 2546 896 2600 opere
913 2534 1057 2600 concepta
1071 2529 1164 2602 magis
1179 2530 1286 2585 enituit
1301 2546 1390 2601 quani
1406 2531 1517 2587 nostris
1532 2532 1563 2588 iii
1578 2532 1723 2599 Galliis,et
1738 2533 1770 2588 iu
1782 2533 1849 2590 tlni·

138 2612 221 2666 timis
259 2626 304 2689 ura
318 2606 445 2733 grgrgcggi
454 2612 527 2659 tunc
541 2603 685 2676 parebant
699 2601 870 2676 provinciis,
886 2608 920 2656 ut
933 2619 969 2658 ex
984 2601 1116 2672 antiquis
1127 2603 1327 2657 monumentis
1338 2618 1413 2674 pane
1424 2604 1590 2659 innumeris
1601 2603 1706 2676 liquet,
1721 2620 1850 2674 quorum

164 2698 240 2736 auca
275 2696 302 2734 ic
338 2695 375 2735 ei
399 2694 416 2732 a
438 2692 530 2731 imus.
669 2719 672 2725 .

142 2699 207 2806 plii
229 2751 357 2806 concilio
373 2749 543 2820 ltoguntino
558 2763 607 2801 an.
624 2747 686 2812 818,
704 2751 771 2816 post
785 2749 919 2801 sanctum
935 2742 1135 2816 Evangelium,
1151 2743 1297 2813 Epistolas
1313 2746 1462 2816 actusque
1477 2745 1686 2817 Apostolorum
1702 2764 1737 2803 ac
1760 2764 1853 2804 cano·

137 2841 204 2883 nes,
225 2821 396 2893 propositus
412 2826 456 2875 est
472 2819 520 2874 bic
534 2818 619 2882 liber,
636 2819 667 2872 in
680 2834 739 2888 quo
753 2822 958 2872 scrutarentur
966 2816 1110 2892 episcopi,
1121 2816 1317 2885 quibusmodis
1328 2823 1429 2870 statum
1440 2817 1565 2872 Ecclesia
1574 2818 1637 2883 Dei,
1647 2826 1676 2874 et
1686 2821 1852 2876 christiane

132 2896 226 2967 plebis
241 2896 408 2961 profectam,
423 2908 491 2946 siun
505 2890 633 2944 doctrina
644 2895 671 2943 et
681 2889 814 2957 corruptis
824 2888 944 2956 Justitiae
959 2886 1157 2950 inconvulsum,
1176 2885 1314 2957 tarpiente
1328 2890 1421 2957 gratia
1436 2888 1486 2943 Dei
1494 2892 1627 2960 perficere
1640 2897 1668 2946 et
1690 2907 1852 2947 conseruare

137 2968 366 3037 peruicerunt
382 2964 413 3016 ιιι
430 2962 518 3030 hujus
533 2960 652 3015 concilii
690 2960 843 3014 relatione
859 2959 974 3029 legitur.

178 3039 210 3092 ln
226 3036 356 3091 c÷·incilio
372 3032 531 3090 iiheiuensi
548 3049 578 3093 ii,
596 2976 729 3102 ejusdcm
745 3031 827 3092 anni,
843 3047 909 3085 caii.
927 3033 980 3084 lb:
997 3030 1082 3085 lecte
1095 3035 1160 3083 sunt
1173 3031 1314 3084 sententia
1328 3029 1394 3084 iibri
1409 3030 1559 3087 Pasturciis
1581 3032 1654 3088 beati
1668 3033 1807 3103 Gregorii,
1823 3039 1855 3089 ut

147 3117 270 3178 pastui-eii
288 3108 412 3161 Ecclesia
426 3106 625 3172 intelligerent,
636 3103 771 3172 quomodo
786 3104 840 3170 ipsi
854 3104 953 3161 uiuere,
970 3107 997 3156 et
1005 3102 1126 3170 qualiter
1146 3101 1199 3155 sibi
1218 3103 1355 3169 subjectos
1375 3101 1504 3158 deberent
1522 3104 1693 3169 admonere:
1711 3107 1853 3177 quonium,

148 3188 212 3234 teste
227 3179 323 3233 eodem
336 3178 416 3231 bento
430 3176 572 3244 Gregorio,
587 3175 674 3228 utitur
687 3173 853 3227 admouendi
866 3180 930 3227 sunt
939 3173 1050 3240 prelati
1063 3179 1146 3240 atque
1159 3170 1243 3225 aliter
1256 3172 1371 3227 subditi.

185 3252 218 3305 ln
236 3249 365 3305 concilio
377 3245 540 3300 turonensi
557 3261 596 3309 ιιι,
613 3243 667 3299 sub
687 3243 766 3297 ideiu
795 3248 912 3313 tempus
936 3242 1046 3305 habito,
1068 3241 1286 3313 promulgatum
1308 3245 1497 3307 estuanti:
1522 3244 1599 3299 Nulli
1618 3263 1632 3300 e
1654 3247 1745 3316 iscopo
1772 3248 1853 3303 liceat

157 3321 284 3377 Gmioiies.
300 3326 350 3372 cut
365 3319 477 3373 tibrum
493 3315 688 3371 Pmtorolemc
703 3316 781 3369 bruto
795 3313 924 3384 Gregorio
936 3329 1023 3385 papa,
1038 3315 1062 3369 si
1075 3315 1135 3382 fieri
1146 3319 1248 3384 potest,
1263 3315 1402 3382 ignorare.
1418 3316 1450 3368 ln
1464 3313 1564 3385 quibus
1577 3331 1604 3371 se
1618 3262 1695 3372 AEbet
1704 3320 1853 3388 unusquis·

152 3408 203 3462 pue
214 3393 296 3460 quusi
311 3392 339 3444 in
354 3388 462 3457 speculo
477 3388 585 3442 assidue
599 3388 784 3442 considerare.

182 3462 307 3517 concilii
323 3458 528 3516 Gabilouensis
548 3475 567 3512 ii
583 3459 696 3528 primus
711 3472 806 3513 canon
821 3454 955 3510 decernit
968 3460 1002 3509 ut
1016 3454 1146 3528 episcopi
1162 3470 1291 3510 canones
1303 3454 1482 3528 intelligant,
1494 3463 1519 3513 et
1530 3456 1632 3515 libimm
1642 3459 1714 3514 beuti
1727 3460 1854 3530 Gregorii

148 3536 233 3603 Papa
247 3534 281 3587 de
295 3549 362 3587 curu
373 3530 530 3603 postorali,·
545 3537 570 3584 et
583 3528 731 3585 secundum
747 3528 848 3583 ibidem
859 3526 1040 3582 constitutum
1053 3532 1080 3581 et
1093 3529 1188 3581 uiuant
1202 3532 1227 3581 et
1245 3528 1410 3597 predicent.
1861 3526 1864 3530 ’

187 3605 320 3675 lienique
336 3603 367 3658 in
382 3601 510 3658 concilio
525 3600 755 3673 aquisgranensi
772 3615 841 3655 ann.
858 3599 921 3654 886.
937 3614 1002 3668 cap.
1019 3600 1045 3663 1,
1060 3596 1096 3652 de
1112 3598 1177 3653 Vita
1191 3597 1410 3670 episcoporum,
1428 3599 1508 3656 idem
1523 3599 1600 3657 liber
1627 3601 1854 3660 commendatur

156 3693 223 3732 caii.
240 3680 267 3737 1,
281 3678 298 3729 9
313 3680 344 3729 et
360 3677 402 3739 10,
419 3690 453 3729 ac
468 3690 532 3744 cap.
548 3675 574 3736 2,
591 3672 627 3726 de
642 3671 777 3727 doctrina
792 3671 1011 3740 episcoporum,
1026 3684 1092 3724 can.
1109 3671 1135 3735 8,
1152 3672 1179 3737 ιι,
1194 3671 1220 3723 s.

188 3747 233 3802 ,ta
250 3748 312 3801 liaec
327 3745 443 3801 accedit
458 3744 538 3815 quod
553 3760 588 3799 ex
605 3743 764 3798 llincmaro
779 3741 938 3797 libamensi
954 3740 1177 3812 archiepiscopo
1193 3741 1236 3809 (ln
1251 3743 1335 3810 Pras.
1351 3757 1444 3813 opusc.
1467 3744 1501 3798 55
1525 3744 1629 3826 Capit.)
1651 3744 1854 3818 intelligimus,

150 3821 182 3874 in
195 3835 278 3873 inore
293 3824 363 3872 tuuc
379 3817 509 3888 positum
525 3815 617 3870 tuisse
633 3821 666 3869 ut
680 3812 865 3868 ordinandus
881 3819 910 3867 et
933 3813 1154 3867 consecrandus
1176 3813 1333 3883 episcopus
1357 3828 1457 3870 corani
1484 3814 1581 3883 altari,
1607 3832 1667 3872 una
1686 3833 1753 3873 cum
1778 3815 1855 3872 libro

149 3906 305 3946 sacrorum
320 3890 473 3944 Caiionum
490 3887 632 3959 Regulam
649 3885 830 3940 Pastoralem
846 3883 924 3940 beati
940 3883 1071 3954 Gregorii
1086 3883 1117 3938 in
1132 3899 1222 3939 manu
1242 3885 1401 3956 acciperet,
1424 3900 1492 3940 cuin
1516 3885 1571 3941 bac
1595 3886 1811 3945 obtestatione:
1827 3894 1859 3943 ιιι

154 3966 195 4017 itu
210 3967 331 4015 seruaret
348 3962 375 4014 in
389 3959 516 4021 uiuendo,
533 3957 656 4013 docendo
666 3962 693 4011 et
702 3957 867 4026 judicando,
882 3958 953 4011 sicut
968 3956 1068 4009 ibidem
1083 3955 1250 4023 descriptum
1264 3961 1311 4011 est.

189 4034 329 4089 litantem
343 4031 479 4103 pluribus
490 4029 666 4101 prodessent
676 4026 754 4098 apud
765 4031 882 4082 nostros
892 4025 991 4081 Gallos
999 4025 1507 4152 gertectissiinueetexquisitissimae
1517 4027 1857 4103 videndireguliehocli·

152 4104 207 4159 bro
219 4103 388 4174 propositae,
401 4101 535 4173 ejusdem
547 4100 640 4156 versio
654 4099 765 4155 Gallica
779 4115 875 4170 nuper
885 4096 997 4169 prodiit
1026 4097 1123 4153 aiisiis
1134 4097 1212 4168 apud
1224 4097 1371 4153 Andream
1380 4096 1501 4153 Pralard
1510 4101 1587 4155 1881.
1601 4101 1671 4166 Quas
1684 4102 1709 4156 si
1720 4101 1757 4157 ad
1768 4115 1860 4157 mauu

153 4184 291 4231 esai-atus
301 4173 434 4239 Codices,
446 4172 544 4244 potius
560 4188 649 4243 quain
659 4170 696 4225 ad
712 4186 838 4225 excusos
854 4169 960 4225 luisset
974 4174 1087 4233 exacta,
1103 4169 1236 4223 numeris
1252 4168 1391 4225 omnibus
1405 4167 1540 4226 absoluta
1554 4172 1661 4228 merito
1675 4172 1733 4228 dici
1748 4178 1859 4245 posset.

190 4248 236 4301 li'.
254 4244 535 4300 prestantissimum
549 4243 606 4299 hoc
621 4258 705 4313 opus,
722 4247 882 4310 antequam
898 4240 1047 4305 ederetur,
1064 4239 1115 4294 diu
1127 4239 1282 4311 parturivit
1294 4248 1414 4296 sanctus
1434 4241 1550 4296 Ductor.
1571 4243 1656 4298 Certe
1673 4243 1736 4315 jam
1758 4249 1859 4300 menta

153 4323 395 4389 praeconceptum
410 4315 541 4388 gerebat,
556 4332 623 4370 cuni
639 4314 822 4369 tricesimum
836 4311 945 4367 librum
960 4310 1113 4367 Moralium
1129 4311 1327 4378 elucubraret,
1344 4317 1376 4366 ut
1390 4312 1554 4369 conterenti
1569 4320 1743 4385 argumenta
1753 4316 1859 4372 admo·

152 4390 306 4443 nitionum
326 4388 421 4443 tertia
436 4387 538 4458 partis,
555 4402 624 4442 cuni
639 4385 735 4457 capite
750 4384 822 4440 olim
837 4383 863 4449 l,
879 4399 959 4438 nunc
974 4398 1056 4438 num.
1074 4385 1116 4449 18,
1133 4382 1245 4438 laudati
1259 4382 1326 4437 libri
1344 4382 1502 4449 constabit,
1517 4383 1567 4439 ubi
1583 4383 1718 4441 videlicet
1731 4387 1758 4442 le
1780 4387 1857 4443 'turs

152 4461 248 4514 Atitrr
261 4476 378 4530 nmuque
392 4461 456 4525 ciri,
473 4458 556 4513 aliter
570 4455 747 4512 admonenda
761 4461 825 4511 sunt
838 4454 959 4523 [emine.
976 4454 1068 4510 Aliter
1077 4455 1203 4523 juvenes,
1217 4453 1301 4510 etiter
1311 4470 1396 4521 senes,
1410 4459 1466 4510 etc.
1482 4455 1552 4520 Qua
1573 4457 1617 4512 sic
1641 4458 1745 4514 conclu
1769 4465 1811 4514 it:
1831 4464 1859 4513 et

152 4532 265 4601 quidem
282 4531 314 4585 de
326 4531 452 4597 stupetis,
468 4531 529 4600 quis
541 4531 577 4585 sit
592 4528 791 4584 admonitionis
804 4527 883 4591 crdo,
898 4526 1038 4581 subtiliter
1052 4526 1197 4581 insinuare
1207 4525 1347 4581 debuimus
1363 4527 1435 4590 ,·sed
1445 4527 1598 4594 tonnidctc
1612 4529 1758 4586 locutionis
1768 4529 1858 4601 proli·

152 4606 241 4658 ritate
253 4602 453 4672 prepediiiiur.
467 4604 584 4655 ductore
597 4606 690 4654 cutem
707 4600 772 4665 Deo,
787 4597 818 4653 in
833 4597 889 4653 otio
908 4613 989 4668 opere
1002 4596 1035 4652 id
1048 4596 1160 4667 explere
1175 4599 1282 4669 oppetit
1306 4598 1436 4660 animus,·
1452 4596 1478 4653 si
1501 4604 1593 4654 tomen
1615 4598 1757 4657 laboriose
1775 4600 1859 4669 liujus

152 4677 216 4728 citae
232 4674 324 4727 adbuc
339 4671 543 4742 aliquantutum
559 4678 665 4741 tempus
681 4670 834 4724 resipuerit.

189 4747 220 4796 ι’.
239 4745 271 4799 td
280 4744 291 4798 t
300 4743 404 4799 liciter
414 4742 546 4813 implevit
556 4742 586 4796 in
596 4742 659 4812 ipso
671 4741 758 4796 veluti
768 4736 1084 4811 pontificalismuneris
1096 4738 1250 4810 tyrocinio,
1260 4738 1407 4795 uttoanni
1418 4740 1579 4796 Ravennati
1590 4741 1729 4812 episcopo
1739 4755 1861 4812 respou-

159 4811 246 4877 deirt,
257 4815 559 4885 amiceconqiierenti
571 4813 650 4884 qnod
663 4814 813 4867 t’astorutis
822 4827 894 4866 aare
908 4813 1031 4879 pondero
1044 4813 1142 4879 supere
1155 4810 1337 4865 delitescendo
1352 4812 1489 4865 noluisset.
1506 4814 1588 4867 Raria
1603 4812 1763 4867 admodum
1780 4828 1861 4870 nunc

160 4891 267 4948 suiit,at
276 4886 523 4956 tremuiitcsolim
531 4886 542 4938 1
544 4882 826 4951 ueruntliujusmodi
835 4881 963 4952 querele
972 4900 978 4943 ;
986 4881 1263 4952 uniscrsislerepiis
1275 4882 1344 4936 viris
1352 4882 1388 4937 ad
1397 4881 1528 4937 cilicium
1536 4883 1683 4953 pastorale
1691 4884 1861 4954 postulatis,

156 4962 272 5009 tintiuii
280 4974 421 5029 onusprai
429 4957 708 5012 animidcmissione
716 4951 1595 5025 sunituaquemodestiadeprecantibusEuuidemolicausam
1603 4956 1863 5026 expostulantibus

156 5028 261 5105 amicis
273 5029 451 5097 respondere
462 5036 582 5084 coactus
592 5035 637 5083 cst
647 5027 804 5093 Gregorius
814 5025 888 5081 alter
897 5025 982 5097 louge
993 5025 1095 5080 senior
1105 5024 1484 5097 cognomeiito'lbeologus,
1494 5024 1524 5078 in
1535 5025 1724 5097 Apologetico
1734 5043 1787 5082 seu
1795 5042 1862 5083 ora-

156 5104 240 5151 tione
253 5098 347 5167 prima
356 5101 386 5155 in
395 5098 785 5172 qualiigmsuie,dectinandi
794 5096 1091 5169 episcopatusgratia.
1104 5096 1234 5151 rationes
1245 5095 1364 5167 exponit
1377 5097 1466 5151 tTom.
1478 5097 1502 5151 1.·
1513 5114 1520 5155 :
1531 5103 1561 5151 et
1571 5092 1726 5168 postquam
1738 5104 1862 5169 captan-

155 5171 230 5224 tium
241 5166 1864 5242 episcopatumiiisaniamincreparit,pastoralisoitlciidilllcultatesproscqiiiturtuminanimariuiiguberna·

156 5242 316 5299 tiburtum
324 5241 354 5296 in
362 5243 442 5297 verbi
452 5244 542 5299 divini
554 5238 1265 5315 erogationeetpradicatione‚tumincliristianie
1273 5237 1462 5309 perfectiouis
1470 5240 1664 5311 assequendas
1672 5240 1861 5297 necessitate:

154 5314 298 5368 Antistius
312 5313 397 5377 enini,
408 5313 622 5384 inquit,ritium
633 5321 736 5369 estnon
747 5328 893 5381 sueonum
904 5314 1046 5380 optimum.
1058 5310 1205 5365 Eximinm
1216 5326 1287 5366 sanc
1299 5325 1373 5380 opus
1386 5308 1568 5381 dignumque
1581 5327 1617 5366 ex
1629 5328 1688 5382 quo
1703 5310 1861 5383 Gregorius

153 5391 261 5455 postea
273 5382 366 5439 multa
378 5384 597 5456 deprompsisse
604 5385 767 5453 judicetur.
777 5385 808 5438 iii
820 5382 865 5437 liis
876 5382 1040 5452 prasertim
1051 5382 1230 5438 sententiani
1241 5381 1317 5435 hanc
1328 5397 1335 5434 :
1346 5384 1400 5435 Ais
1407 5384 1551 5447 ostiumst
1560 5385 1677 5440 scientia
1685 5384 1863 5441 scientiarum

151 5462 204 5523 est,
222 5454 359 5512 hommem
371 5473 471 5527 nuere,
485 5474 550 5527 quae
567 5457 673 5528 legitur
692 5457 722 5511 iii
738 5454 928 5527 apologetico
943 5452 1027 5523 Greg.
1043 5453 1215 5508 Nazianzeni
1231 5468 1295 5523 cap.
1312 5455 1357 5520 ³1,
1370 5456 1400 5508 et
1412 5451 1464 5507 lib.
1483 5453 1553 5525 Reg.
1569 5455 1647 5512 Past.
1663 5472 1672 5509 i
1688 5458 1762 5527 part.
1780 5469 1806 5509 c.
1834 5458 1862 5516 1.

172 5580 229 5663 ,issi
245 5578 397 5639 Versionis
412 5582 520 5666 Gracia
531 5581 682 5664 jacturam
697 5580 841 5708 lugemus.
858 5575 974 5660 Nullam
988 5575 1068 5633 illius
1083 5577 1259 5660 memoriam
1275 5575 1457 5660 superfuisse
1473 5575 1582 5659 saeculo
1599 5594 1628 5633 ix
1643 5577 1714 5636 binc
1737 5577 1866 5649 conjici-

151 5648 1220 5797 88811111138118188ιιιιιιιιιιιιιιέιιιιιι
1235 5646 1864 5722 &⁸³⁰⁰‘⁸d‘¹¹‘⁰³”¹¹¹¹'¹¹“¹'¹¹¹⁰⁰mm⁰”‘¹⁸‘·

148 5894 237 6029 ql>
324 5860 452 5925 t’rrnoc.
476 5852 628 5921 Lxxi’ss.
1010 5924 1013 5929 ,
1693 5853 1715 5917 1
