3908 6156
193 274 253 338 535
523 266 734 332 PRAEFATIO
755 269 793 330 ΙΝ
818 270 1029 331 eptstobss
1051 268 1193 332 ssn'c‘tt
1217 268 1404 333 GREGORll
1426 266 1563 329 MAGNI.
1834 268 1898 331 tao

197 432 264 473 nem
280 414 399 471 ioannis
416 409 550 467 bisseni:
565 408 722 464 Selectiores
735 408 864 479 epistolas
878 410 908 463 in
924 407 1105 464 decretalium
1117 408 1203 463 libros
1215 422 1255 463 ιιι
1270 404 1407 473 redepiste
1420 404 1522 459 decitur
1533 404 1674 461 strennas
1688 418 1763 475 popu
1776 404 1895 473 primur,

198 490 286 559 infru,
298 486 347 542 iti.
360 502 399 550 tv,
410 484 530 555 cupit.
542 480 596 536 Sed
611 485 711 550 tupsus
725 485 771 534 est
784 480 901 545 calami,
920 488 1022 552 preter
1036 480 1197 535 doctissimi
1214 478 1364 559 scriptoria
1382 486 1506 533 mentem
1528 475 1700 557 aberrantis,
1710 482 1762 531 aut
1776 478 1805 529 in
1817 486 1900 547 typo-

199 560 329 641 graphos
344 556 476 611 mendum
494 552 548 608 boc
562 554 770 621 regeteurlum;
784 568 848 605 uum
862 552 890 605 in
903 550 967 607 loco
983 552 1164 623 Gregorinnce
1177 550 1245 605 i'ittn
1256 546 1646 621 assignatodandatusioan.
1658 546 1738 603 [itae.
1754 562 1812 602 noo
1824 552 1901 601 duo-

202 638 308 689 dectm,
324 627 375 682 sed
391 626 464 681 duos
475 631 588 679 tuntum
600 624 788 677 decretalium
803 623 902 688 libros,
915 624 951 677 ub
965 624 1091 679 Adriano
1102 640 1175 693 popo
1190 622 1328 678 collectos
1342 626 1561 675 commemorat.
1574 618 1712 675 Preietos
1731 636 1787 673 nun
1805 618 1851 673 bic
1864 622 1900 672 de

202 690 1900 768 selectisGregoriiepistulisdccrcteltbueqnasrrtorscddeiutcgcnqnarurnlrbetepistolurumipsiuscomplexiune

202 781 231 829 et
241 771 427 833 sullectinum
440 784 532 836 neque
547 783 682 822 cursurus
697 772 768 833 quui
783 767 812 820 in
828 766 917 821 libros
931 767 1075 822 Adrianus
1092 784 1166 838 papa
1182 766 1332 836 praedictus
1349 762 1489 836 epistolas
1507 766 1632 835 purtitus
1648 768 1698 831 stt,
1709 763 1759 819 sed
1776 762 1813 817 de
1828 760 1900 817 diui·

202 844 284 901 siuuc
295 842 331 897 ub
342 846 467 913 tpsomet
477 840 615 909 Gregorio
626 840 760 893 instituta
775 844 869 892 aulum
885 848 930 892 est
944 840 1149 893 controversia.

238 914 285 970 Vl.
297 914 327 969 ln
344 914 524 968 restituendo
539 911 728 980 epistularum
744 909 845 964 ordine
866 912 959 981 magis
975 908 1165 964 laborandum
1183 908 1248 962 luit.
1266 907 1304 963 Ει
1321 922 1421 962 esrum
1438 905 1546 978 quippe
1560 905 1645 960 toties
1660 904 1760 960 iternis
1777 904 1902 960 lectione

203 986 286 1043 iscile
302 988 485 1055 compertum
502 982 588 1037 nobis
604 981 660 1035 luti
675 980 780 1034 inultos
796 982 857 1035 locu
872 998 926 1035 auo
942 990 1038 1036 roottta
1049 984 1149 1046 luisse,
1161 980 1466 1049 etulintrrmspositns.
1478 980 1638 1032 Vctuaeeee
1649 976 1758 1031 malurn
1776 977 1902 1049 probunt

204 1048 1902 1131 plurimientiquiGudioes,uocceireiterannisscipti.inquorumealce.irrasimeb'ortuannorummultaeeollignn·

203 1136 252 1186 tur
261 1127 473 1201 epistola,oum
486 1125 539 1179 bae
548 1124 752 1193 inscriptione:
763 1124 897 1193 Epistoloe
906 1120 1618 1195 qusedesuperinribusindictionibuspraetermisso.
1628 1125 1704 1176 snut.
1718 1122 1746 1177 ln
1755 1120 1902 1192 plerisque

205 1202 275 1259 blas.
287 1202 485 1255 exstantxxttt.
497 1197 598 1251 Plures
608 1194 724 1250 exhibet
735 1194 814 1250 Pauli
827 1194 944 1250 Diaconi
954 1195 1085 1251 collectio
1094 1196 1128 1250 ad
1138 1199 1273 1250 sonetum
1283 1192 1464 1248 Adulardum
1474 1192 1607 1247 abbatem
1619 1192 1822 1249 Gorbeicnsetn
1833 1192 1903 1247 mis·

205 1290 249 1342 ss,
260 1287 347 1343 quam
358 1270 560 1327 existimamus
573 1282 637 1323 esse
648 1266 771 1337 Registri
786 1264 953 1338 Gregoriani
965 1266 1213 1337 supplementum
1224 1281 1292 1321 unm
1306 1281 1340 1321 ax
1351 1280 1395 1319 ιιι
1406 1264 1572 1336 epistoliain
1584 1263 1634 1320 ills
1648 1266 1793 1321 contentis
1808 1264 1901 1335 pluri·

206 1360 270 1402 mss
287 1342 434 1415 plerisque
449 1339 478 1395 in
493 1342 559 1395 itas.
575 1337 734 1394 desiderari
750 1337 979 1393 observavimus.
996 1343 1094 1408 Neque
1109 1354 1180 1393 sune
1195 1344 1287 1409 potest
1302 1334 1364 1391 ulla
1381 1336 1455 1391 cotio
1469 1335 1624 1406 excogitari
1639 1351 1691 1391 eur
1707 1352 1814 1407 pauens
1835 1334 1902 1391 illas

206 1413 356 1487 epistolar,
368 1428 430 1483 qua
443 1409 641 1479 utplurimum
657 1407 730 1465 nibil
743 1408 820 1465 scitu
830 1410 950 1481 dignum
966 1425 1019 1465 nos
1030 1410 1143 1478 docent,
1158 1426 1215 1480 pree
1226 1408 1338 1464 crateris
1349 1406 1470 1462 describi
1483 1414 1611 1463 curasset
1623 1406 1865 1463 virdoetissimus
1875 1413 1903 1462 et

206 1485 453 1557 sapientissimus.
469 1481 541 1537 Gum
557 1482 655 1552 itaque
670 1478 778 1537 multas
792 1481 928 1552 epistolas
942 1490 1022 1535 extro
1037 1480 1160 1549 Registci
1171 1482 1302 1537 ordinem
1318 1484 1454 1549 vagantes
1467 1484 1497 1534 et
1511 1478 1901 1551 sparsasinuenissentama·

207 1572 348 1624 nuenaes,
367 1560 395 1611 et
409 1552 459 1622 qui
473 1553 546 1624 ipsis
567 1559 772 1608 successerunt
794 1551 977 1624 typographi,
993 1552 1126 1608 essiutrn
1139 1554 1233 1607 sorios
1246 1551 1337 1607 libros
1351 1566 1461 1618 cogere,
1471 1551 1519 1606 sed
1536 1552 1583 1605 vix
1598 1550 1656 1606 ullo
1673 1550 1755 1621 priua
1769 1550 1902 1607 adhibito

205 1629 331 1695 eciterio,
346 1630 502 1695 cmperunt.
517 1624 587 1679 lude
603 1622 671 1677 mnli
687 1623 778 1685 labes,
792 1630 821 1677 et
834 1623 1023 1694 epistolarum
1036 1631 1208 1695 prepostero
1218 1622 1382 1693 dispositio,
1393 1638 1457 1693 qun
1471 1638 1506 1677 ex
1516 1638 1612 1677 rerum
1632 1622 1661 1676 in
1673 1622 1806 1695 epistolis
1824 1638 1903 1679 com·

206 1706 431 1758 memoratarum
443 1696 519 1751 serie
528 1700 557 1751 et
567 1695 696 1749 historia
707 1694 785 1748 iltius
797 1700 854 1749 tem
860 1694 937 1765 priris
947 1694 990 1749 uel
1003 1694 1142 1751 mediocri
1153 1694 1251 1750 notitia
1263 1693 1347 1750 lacile
1358 1693 1601 1764 deprehendetur.

243 1772 302 1828 Hoc
315 1770 418 1823 uitium
431 1784 487 1824 non
499 1765 584 1821 latuit
600 1767 712 1821 l’etrum
730 1765 983 1833 Guasunrillaeom,
995 1766 1080 1837 quus
1095 1767 1155 1823 bac
1165 1767 1250 1821 serbo
1262 1772 1341 1831 sont,
1352 1764 1381 1819 in
1399 1770 1507 1836 praelat.
1520 1766 1554 1820 ad
1570 1763 1724 1847 epistolas:
1737 1764 1849 1821 «Porro
1859 1782 1905 1821 or·

207 1835 1903 1911 dinemcujusqueepistolteabsitutstatuamautq-ropcrgocm.ltuoplurimasalienolocoposttssspnntesgnnaco.

206 1914 359 1971 Doecbuut
369 1911 473 1981 passim
485 1918 569 1965 nutes.
581 1909 638 1965 Nee
647 1916 744 1964 tunten
755 1918 899 1980 receptam
911 1911 1015 1965 scriem
1029 1912 1226 1965 interturbare
1238 1908 1357 1980 placuit,
1367 1924 1412 1971 ne,
1423 1909 1499 1976 quod
1512 1909 1540 1963 in
1553 1908 1619 1963 nliis
1633 1910 1810 1981 quibusdem
1824 1909 1905 1965 ltbtis

206 1990 317 2042 temera
333 1988 440 2038 tactum
456 1992 510 2048 est,
527 1982 660 2036 tenebras
677 1980 832 2035 lectoribus
848 1982 1068 2036 ull'undcremua
1080 1998 1087 2048 ;
1100 1982 1206 2052 quibus
1222 1984 1376 2035 citationes
1391 1980 1580 2053 epistularum
1598 1982 1690 2037 euticii
1706 1979 1839 2054 Gregorii
1855 1996 1905 2053 per

206 2073 293 2115 omne
304 2055 442 2110 librorum
456 2069 549 2123 genua
560 2069 668 2123 sparsae
680 2055 773 2107 iurent
783 2054 913 2119 inutiles,
924 2062 970 2107 ent
983 2062 1061 2109 certe
1072 2053 1233 2108 laboriose.
1246 2073 1260 2101 ιι

243 2127 439 2198 Optimasane
450 2120 534 2183 ratio,
546 2141 604 2193 qua
614 2130 726 2177 tuntum
744 2123 869 2179 laborem
887 2142 904 2178 a
920 2140 951 2178 se
962 2125 1110 2193 deprecari
1127 2122 1340 2179 consboturuir
1350 2120 1422 2178 alias
1438 2121 1691 2193 diligentissimus.
1702 2124 1775 2193 Ergo
1786 2124 1904 2187 concito

208 2202 285 2256 malo
304 2213 451 2269 nunquam
471 2195 578 2252 medeci
601 2194 717 2250 licebit?
731 2195 805 2249 tbsit
825 2202 914 2250 sutem
934 2202 966 2249 ut
983 2212 1017 2251 ex
1032 2200 1164 2252 restituto
1178 2195 1307 2265 legitimo
1322 2195 1509 2266 epistolarum
1522 2196 1625 2251 ordino
1642 2196 1773 2251 tenebras
1789 2195 1904 2255 offundi

209 2270 403 2339 suspicemur.
416 2268 476 2324 lmo
487 2266 610 2322 tenebrae
622 2266 718 2337 potius
730 2266 778 2320 ubi
793 2266 891 2321 nntlus
906 2274 950 2323 eat
965 2270 1036 2322 ordo
1047 2280 1112 2322 sunt
1126 2267 1298 2323 metuenda.
1315 2272 1341 2319 dt
1354 2283 1388 2321 es
1398 2268 1531 2321 ordinata
1543 2282 1637 2321 rerum
1652 2268 1844 2339 dispositione
1856 2266 1907 2323 lux

210 2343 329 2411 stlulget
338 2340 475 2395 maxima.
488 2338 519 2395 Ut
534 2339 569 2392 ad
586 2338 750 2407 semipsum
765 2338 931 2405 veniemus,
941 2345 1047 2406 cqurrntu
1058 2340 1239 2393 dubitatione
1249 2344 1370 2393 [estuare
1380 2354 1497 2394 necesse
1507 2342 1552 2395 eat
1566 2336 1713 2405 lectorem,
1725 2356 1807 2409 cum,
1818 2338 1909 2395 intel-

209 2414 284 2470 loets
294 2429 328 2468 es
340 2412 488 2481 prioribus
503 2409 693 2480 epistolarum
706 2409 787 2463 libris
805 2410 957 2480 cujusdam
975 2410 1035 2466 noti
1049 2410 1176 2482 episcopi
1192 2416 1292 2473 morte,
1303 2415 1331 2464 et
1342 2407 1462 2466 ulterius
1476 2410 1505 2465 io
1521 2410 1664 2465 demortui
1677 2410 1773 2467 lucum
1787 2412 1910 2467 ordina·

210 2488 299 2547 tione,
314 2487 411 2554 postes
423 2484 452 2537 iu
464 2480 604 2536 librorum
617 2481 812 2550 posteriorum
825 2482 900 2536 serie
912 2479 982 2545 legit
991 2482 1143 2551 epistolant
1159 2482 1194 2535 ad
1207 2482 1366 2547 ipsummet
1382 2483 1563 2552 episcopum,
1575 2498 1660 2553 quern
1668 2483 1731 2553 jam
1744 2484 1848 2539 cuiuis
1861 2498 1911 2537 so·

212 2550 1910 2626 blatumnovit,quasiredivivumdsstiaeriptamtNondissimiliseunl'usionisexemplaplurimsinmediumaddu-

211 2642 277 2683 eece
295 2626 418 2680 arduum
442 2640 499 2679 non
520 2624 593 2678 ieret
605 2640 612 2688 ;
624 2627 700 2694 quod
717 2623 875 2693 prostituri
895 2640 1000 2681 sumus
1022 2626 1138 2697 quoodo
1153 2624 1320 2681 restitutum
1336 2640 1354 2681 a
1368 2624 1452 2681 nobie
1467 2624 1655 2695 epistolarum
1670 2626 1804 2683 ordinem
1820 2626 1910 2683 certis

213 2716 245 2754 ar
266 2697 392 2752 umentis
401 2694 677 2751 demonstrabimus.

245 2713 438 2825 incommodo
450 2771 545 2822 antem
561 2767 638 2835 quod
650 2770 787 2821 causatur
797 2766 1026 2823 Gusssnvilleua
1036 2766 1074 2823 ob
1085 2767 1235 2823 citationes
1245 2765 1444 2838 epistolarum,
1453 2769 1537 2839 juxta
1548 2768 1678 2825 ordinem
1687 2768 1859 2841 antiquum,
1870 2772 1915 2824 iot

213 2838 298 2898 libris
309 2843 339 2894 et
352 2838 470 2905 scriptis
482 2837 630 2908 inspersas
649 2852 849 2905 occurremus,
860 2837 1006 2908 duplicem
1022 2838 1105 2909 epist.
1117 2840 1243 2895 indicem
1259 2837 1434 2895 exhibendo:
1445 2840 1569 2909 primum
1580 2843 1661 2909 juxta
1675 2842 1812 2897 ordinem
1824 2840 1912 2895 resti·

212 2916 305 2967 tutum
317 2926 382 2966 oum
397 2909 476 2980 prins
488 2918 602 2980 recepto
612 2916 811 2978 comparatum
823 2910 999 2975 ;aecundum
1008 2910 1093 2979 juxta
1103 2910 1234 2965 ordinem
1247 2919 1273 2965 et
1285 2926 1393 2965 rnorem
1407 2912 1572 2983 antiquum,
1581 2912 1641 2967 viee
1650 2928 1810 2969 versaoum
1821 2911 1911 2983 priori

212 2982 363 3049 collatum,
375 2997 431 3036 oon
442 2997 525 3036 secus
535 2996 568 3036 se
580 2993 608 3035 tn
620 2980 743 3035 edendis
754 2980 975 3045 augustinianis
985 2982 1127 3049 epistolis,
1138 2983 1289 3037 doctorum
1302 2982 1426 3037 virorum
1439 2983 1555 3039 nemine
1566 2984 1760 3054 improbante,
1771 2984 1911 3041 obserua-

211 3060 275 3111 tum
295 3058 350 3110 eat.
363 3052 411 3109 Sic
426 3052 505 3107 nullo
521 3052 723 3108 laboreeitate
739 3052 918 3121 reperientur
930 3052 1073 3123 epistola3
1086 3070 1152 3109 nam
1169 3052 1348 3109 consulendo
1364 3053 1491 3109 indicem
1506 3056 1589 3125 juxta
1605 3055 1756 3126 antiquam
1773 3054 1910 3125 eptstols·

215 3125 399 3189 rumeerlcm,
413 3124 510 3180 statitn
519 3124 632 3181 docebit
642 3128 736 3193 quotes
749 3139 824 3179 nune
838 3124 896 3178 siut
908 3128 937 3179 et
949 3140 1006 3193 quo
1017 3124 1080 3180 loen
1091 3125 1263 3180 habeantur.
1275 3125 1395 3180 Duobus
1407 3126 1534 3194 prelatis
1545 3126 1687 3183 indicibus
1698 3126 1819 3185 tertium
1831 3126 1906 3199 sdjt·
1948 3160 1952 3165 -

213 3197 323 3254 olemus
333 3196 435 3279 ordine
444 3194 635 3268 alphabetico,
647 3196 696 3267 qui
708 3210 742 3250 es
753 3194 922 3251 nominibus
932 3210 1033 3252 eorum
1047 3200 1081 3253 ad
1094 3212 1169 3269 quos
1181 3202 1301 3254 sanetus
1311 3196 1416 3253 Ductor
1425 3198 1526 3254 scribit
1536 3204 1717 3269 centensium
1727 3204 1759 3257 et
1771 3202 1905 3272 quartum

211 3266 559 3407 gegffiaffirggffibmum
574 3352 662 3394 censu
673 3334 799 3419 plurima
810 3338 1002 3420 rapuerimus
1015 3340 1259 3421 priusuperperam
1276 3340 1395 3406 inserts,
1407 3340 1503 3411 qualis
1516 3347 1586 3399 sunt
1600 3359 1663 3409 que
1673 3340 1813 3403 lesuntnr
1825 3340 1907 3397 initio

210 3410 276 3467 libri
287 3426 321 3478 tt,
331 3408 490 3465 indictione
502 3408 546 3477 to,
558 3409 594 3463 do
608 3410 755 3484 Laurentis
767 3408 966 3466 srcbtdtsenni
977 3412 1172 3482 depositione,
1182 3417 1211 3466 at
1222 3412 1258 3465 de
1268 3411 1369 3467 litania
1379 3413 1490 3485 maJ'ora
1500 3412 1529 3469 in
1542 3414 1662 3471 besilius
1672 3421 1783 3471 saneta
1793 3412 1906 3477 uncta:

212 3482 285 3538 libro
296 3497 336 3547 ιι,
347 3482 488 3549 indicto,
499 3480 617 3535 bistoriu
633 3479 669 3534 de
680 3484 781 3535 Pnocn
792 3482 990 3547 coronatione,
1003 3490 1032 3537 et
1046 3481 1175 3539 Maurieii
1193 3482 1377 3549 liliorumque
1393 3485 1457 3554 eJus
1471 3484 1681 3545 interiectione.
1692 3502 1759 3557 ques
1770 3484 1908 3542 omnibus

214 3553 303 3621 bajus
313 3550 625 3622 indictioniseptstolis
648 3551 921 3621 percussionnem
934 3569 1069 3609 sermone
1083 3553 1159 3608 bcnti
1174 3553 1304 3625 Gregorii
1318 3564 1445 3626 ternpore
1460 3558 1657 3613 mortalitatis:
1671 3556 1907 3627 operteqrrntres

211 3623 380 3693 clturistt'mi,
391 3633 456 3689 etos
467 3621 671 3677 nonnullarum
683 3624 859 3694 synodorum
870 3623 967 3679 Rosciae
977 3624 1144 3681 habitarum
1156 3634 1235 3691 acta;
1246 3626 1371 3696 denique
1383 3627 1457 3683 tario
1471 3629 1620 3699 priuilegia
1630 3646 1647 3683 a
1656 3634 1761 3685 sancto
1771 3626 1906 3697 Gregorio

213 3710 368 3761 concessas
380 3694 550 3765 quaomnia
564 3694 600 3748 nd
613 3695 720 3748 caleam
737 3695 900 3765 stringenda
910 3694 1121 3765 judicavimus,
1132 3714 1196 3752 curn
1213 3698 1349 3771 spntbolo
1360 3701 1447 3771 eujus
1459 3703 1593 3757 meminit
1604 3700 1690 3758 loon.
1703 3699 1797 3767 litae..
1809 3698 1861 3756 lib.
1873 3714 1904 3767 tt,

213 3782 276 3839 esp.
287 3767 316 3833 2,
325 3770 462 3839 quodque
472 3766 500 3819 in
513 3764 742 3834 capiteomnium
756 3766 814 3821 tere
824 3766 893 3821 bles.
905 3767 1093 3837 epistolarum
1108 3767 1223 3839 legitur.

250 3840 422 3894 denutrario
433 3842 467 3893 ad
479 3836 643 3903 Registrum
656 3838 845 3908 epistolarum
859 3844 1026 3895 revocandae
1037 3839 1121 3895 nobis
1130 3840 1198 3895 visre
1211 3849 1277 3896 sont
1288 3843 1421 3913 quiedam
1434 3843 1574 3911 epistola,
1586 3842 1645 3899 aive
1656 3859 1674 3900 a
1685 3842 1837 3917 Gregorio,
1848 3842 1903 3897 sire
1950 3856 1952 3863 ·

213 3908 249 3964 sd
260 3910 426 3975 Gregorium
440 3908 565 3979 scripta,
577 3923 641 3979 quae
651 3909 694 3963 vet
710 3909 738 3961 in
750 3907 854 3964 alienis
869 3912 1007 3980 oporibus
1022 3910 1207 3969 exsulabant.
1217 3913 1260 3967 vel
1277 3929 1333 3969 non
1353 3914 1394 3969 ita
1404 3915 1516 3989 pridem
1532 3932 1567 3973 ex
1582 3915 1710 3972 tenebris
1725 3918 1899 3973 sonterute.
1947 3896 1952 3963 ἶ

212 3980 340 4045 Quorum
352 3996 419 4035 vcro
429 3979 584 4049 diligentie
595 3979 766 4047 debeantur,
777 3995 829 4036 suo
842 3980 903 4035 loco
916 3996 1141 4038 commemorare
1154 3983 1238 4038 nobis
1248 4000 1323 4039 cura
1334 3986 1398 4041 crit.

249 4050 327 4107 Vttt.
337 4050 478 4118 Sublatis,
490 4052 557 4106 blas.
569 4065 635 4121 ope,
651 4058 746 4106 textus
761 4066 812 4107 ssu
829 4050 931 4107 littere
946 4055 1132 4125 corruptelis,
1142 4060 1171 4109 et
1185 4054 1318 4110 restituta
1336 4056 1417 4112 mille
1433 4058 1462 4113 in
1478 4058 1551 4116 loeis
1567 4074 1636 4115 vera
1650 4054 1896 4125 testinnonium

212 4120 353 4193 disposito
364 4128 426 4177 tum
439 4121 589 4189 librorum,
600 4128 661 4175 tum
674 4122 762 4177 etism
773 4123 961 4193 epistolarum
974 4126 1087 4190 urdine,
1098 4126 1133 4181 de
1143 4125 1151 4178 i
1156 4142 1272 4197 pserunt
1286 4131 1468 4199 argumentis
1484 4136 1512 4186 et
1528 4128 1696 4187 summariis
1712 4130 1894 4201 cogitandum

211 4192 275 4248 t'oit.
289 4192 319 4249 lo
334 4192 379 4247 bis
390 4192 525 4264 quidquid
538 4194 659 4261 singulte
670 4194 904 4262 complectuntur
914 4195 1043 4268 epistole
1055 4198 1218 4252 summatim
1229 4198 1367 4254 delineari
1379 4200 1476 4265 debet,
1487 4218 1521 4257 ae
1531 4202 1739 4272 compendiose
1749 4214 1893 4273 repraesen-

211 4264 276 4319 tari.
290 4266 356 4331 Qua
365 4280 431 4320 vero
440 4264 495 4320 bue
504 4280 594 4336 usque
606 4266 756 4335 premisse
768 4266 978 4339 suntepistotta
989 4274 1170 4339 argumenta.
1181 4268 1318 4338 pleraque
1328 4270 1429 4328 sultem
1442 4274 1487 4343 (ut
1497 4272 1599 4329 sedulo
1609 4272 1771 4345 exploranti
1783 4270 1890 4341 patebit)

211 4338 393 4408 propositum
410 4335 539 4407 Gregorii
551 4337 703 4392 scribentis
714 4352 833 4408 scopum
844 4338 964 4394 minima
976 4356 1010 4394 ex
1023 4350 1102 4409 purte
1115 4341 1272 4411 attingunt.
1284 4341 1329 4395 Sic
1339 4348 1406 4399 ante
1417 4344 1542 4413 primam
1555 4361 1659 4414 prrorts
1670 4344 1737 4401 ltbrt
1748 4341 1887 4415 epietoltttt

211 4411 324 4463 tantum
341 4406 463 4479 legitur:
476 4408 508 4465 tlt
518 4408 601 4463 semel
610 4410 640 4463 itt
650 4424 723 4464 nouo
735 4412 763 4463 iu
776 4426 862 4465 noum
872 4412 1034 4465 contendent
1045 4408 1183 4482 (episcopi
1196 4411 1312 4483 Sicilire)
1322 4413 1357 4469 od
1366 4416 1538 4485 provinciale
1548 4416 1710 4473 concilium.
1721 4418 1756 4473 ttt
1767 4414 1884 4473 mutilum
1927 4412 1938 4445 ἱ

212 4476 268 4534 boo
279 4486 484 4545 argumentum
502 4478 567 4551 quis
584 4480 706 4549 neseiat,
718 4479 747 4535 io
759 4496 817 4551 quo
829 4482 942 4537 scilicet
957 4482 1029 4537 nibil
1041 4484 1078 4537 de
1089 4482 1174 4539 Petro
1186 4483 1365 4540 subdiacono
1376 4486 1421 4540 cui
1436 4492 1554 4543 sanctus
1571 4487 1731 4559 Gregorius
1742 4488 1817 4545 vices
1830 4498 1883 4540 stss
1921 4482 1952 4503 ⁶*

211 4548 1880 4625 intruSicitiam,obperspectamvirtutemctesperientiamcademepistolacommendatmihildsmodoeelebrtt·

213 4622 316 4677 dorum
331 4626 506 4695 synodorum
523 4622 639 4678 dicitur.
653 4623 808 4695 Sequentia
823 4626 960 4693 epistula.
975 4628 1109 4680 secundae
1125 4625 1269 4687 videlicet,
1282 4630 1473 4685 summarium
1486 4629 1582 4686 adhue
1592 4630 1691 4687 minus
1705 4628 1876 4701 probandum
1920 4628 1952 4697 ⁴!

213 4694 360 4777 siquidem
373 4694 410 4751 de
423 4695 579 4750 frumentis
591 4710 648 4750 nou
662 4710 695 4750 er
710 4696 822 4765 integro
837 4696 1022 4752 transmissis
1037 4702 1128 4753 totum
1142 4702 1195 4765 est,
1206 4714 1268 4768 qua
1282 4704 1380 4755 tamen
1394 4701 1524 4769 epistole
1540 4718 1606 4773 pars
1620 4706 1665 4757 est
1679 4701 1809 4758 mininis.
1819 4698 1875 4755 ltttt
1898 4688 1937 4768 Γ·

210 4780 286 4821 enom
299 4765 426 4821 maxime
437 4766 581 4821 incumbit
590 4764 795 4822 sanctissimus
808 4783 879 4836 popu
891 4773 922 4821 ut
931 4767 1078 4823 tustinum
1090 4768 1195 4825 Sicilie
1207 4774 1371 4839 pretorem.
1381 4772 1463 4843 prius
1474 4772 1576 4829 amicis
1588 4778 1617 4830 et
1627 4764 1872 4831 honoriltcisterbt't
1896 4769 1952 4873 ὲ

210 4836 377 4901 delinitum,
388 4837 422 4892 sd
435 4838 617 4893 concordiam
630 4853 695 4891 eum
714 4836 783 4892 toris
796 4838 991 4894 ecciesiasticis
1005 4856 1021 4894 tt
1036 4840 1145 4910 quibus
1161 4840 1321 4897 dissidebat
1336 4844 1603 4916 competentesque
1618 4846 1654 4902 ad
1667 4846 1777 4913 jndicio
1788 4850 1870 4899 munet
1895 4864 1900 4875 ·

208 4922 324 4961 somma
333 4909 466 4977 equitate
477 4908 656 4987 obeundum.
669 4908 784 4963 Similia
794 4910 830 4965 de
841 4910 961 4980 reliquis
974 4916 1044 4965 scint
1056 4910 1253 4979 intelligenda,
1265 4930 1328 4984 quta
1341 4914 1463 4971 ulterius
1480 4918 1614 4987 prosequi
1624 4916 1802 4988 superfluant
1812 4908 1869 4989 stip
1920 4904 1952 4938 ²

207 4982 323 5048 gentum
338 4980 419 5034 toret.
432 4984 533 5051 ltaque
551 4996 633 5035 unvra
645 4980 786 5035 cudendis
799 4981 980 5054 argumentis
993 4983 1087 5039 danda
1098 4982 1153 5037 luit
1163 4999 1260 5054 opera,
1272 5002 1336 5055 quse
1351 4986 1480 5058 epistolis
1491 4988 1608 5061 prolixa
1621 4990 1656 5046 sd
1674 5004 1774 5045 esrum
1787 4976 1867 5043 tenti·
1893 4966 1916 5011 ’ἶ
1931 4978 1952 5055 j

206 5046 334 5119 gentiam
344 5050 442 5104 lectori
454 5052 542 5107 vetuti
554 5053 643 5107 l'aeem
654 5052 814 5119 proterant.
1892 5030 1952 5151 [J

243 5114 1866 5197 ttcemtnortotttgennsnottsottnetttstoca,qnaeplurimasanesunt,nsptanacoetillustrarecnrsvtmosdttl
1922 5118 1952 5145 *¹

209 5193 242 5245 ut
253 5190 359 5246 certius
394 5196 587 5260 ructaremus,
597 5194 626 5248 in
637 5194 794 5249 statuenda
803 5195 989 5268 eruendaqua
1003 5211 1037 5251 es
1046 5198 1115 5251 Mes.
1128 5212 1203 5261 tera,
1215 5206 1356 5270 quantum
1368 5199 1459 5265 licuit,
1471 5200 1602 5267 lectione,
1615 5202 1867 5274 potissimunque·
1920 5204 1952 5217 ⁴

208 5258 352 5343 desimus.
364 5208 474 5333 guippe
494 5266 560 5319 dum
574 5265 609 5320 de
623 5266 744 5321 vocibus
760 5266 927 5337 ambigitur,
938 5266 1026 5321 variis
1041 5268 1217 5337 conjecturis
1233 5270 1352 5326 ltberins
1367 5270 1547 5339 indulgetur,
1562 5278 1589 5329 et
1604 5290 1683 5347 saepe
1697 5274 1776 5333 inani
1789 5264 1867 5341 eonii!

205 5329 406 5413 digladtantur
426 5338 456 5389 ct
473 5350 567 5391 sercm
583 5337 739 5393 verberant
757 5338 808 5392 rici
825 5339 912 5394 docti.
929 5338 1069 5395 Ceterum
1087 5339 1263 5396 uberrimam
1278 5348 1412 5399 notarum
1428 5348 1458 5399 ei
1469 5344 1707 5403 otissctationum
1724 5348 1755 5405 in
1768 5346 1868 5413 Gtetlfl'
1949 5341 1952 5357 ¹

206 5402 346 5469 epratotss
361 5414 485 5471 segetem
499 5405 582 5462 uobis
593 5407 762 5465 obtulerunt
774 5412 933 5479 presertim
946 5410 1136 5465 eruditissimi
1154 5411 1206 5466 uiri
1221 5413 1498 5471 entontususotnna
1511 5414 1870 5485 illeserra,'i'olnssnut¹¹3
1940 5420 1952 5471 '.

203 5477 340 5529 teeessoc.
350 5479 378 5529 et
389 5478 492 5531 Petrus
504 5476 741 5537 Guasanvitlaus.
750 5480 798 5535 llte
808 5482 836 5536 in
849 5481 1130 5551 studiosorumjuris
1147 5484 1278 5539 canonici
1290 5486 1422 5551 gratiam,
1433 5488 1633 5545 ncrtetiooesin
1644 5482 1870 5559 ιιΙοι-ιιιιιιιιιῠθι
1943 5483 1952 5527 ³

204 5544 418 5618 Gregorii,qrm=
431 5548 693 5628 reconditsmjuris
705 5552 858 5621 utriusque
868 5554 1001 5621 peritioni
1010 5553 1039 5607 iu
1048 5557 1624 5627 uuctcrcorpuunt,scripsit,etGlumenti
1635 5560 1671 5619 lx
1680 5562 1806 5631 pontifici
1816 5562 1870 5615 tuss-
1940 5552 1952 5564 ⁶

201 5622 390 5681 nuncupavit.
402 5619 441 5673 Ει
452 5618 561 5688 quibus
573 5637 681 5689 paucos
693 5626 815 5678 rcutunti
828 5625 1111 5693 sumos,ct,ndp·cto
1125 5626 1160 5679 nd
1177 5625 1283 5681 calcem
1296 5628 1424 5695 nomine,
1437 5630 1554 5687 bonoria
1568 5637 1597 5687 et
1613 5636 1802 5703 gratitudinis
1813 5634 1870 5699 etti·
1939 5678 1951 5697 2

198 5689 336 5817 ἓιιοιιιιίι
346 5689 546 5817 diaftiuttceimue.
557 5694 597 5747 De
608 5693 685 5749 notia
701 5710 773 5765 quus
785 5694 815 5753 Ρ.
828 5695 1056 5752 Guesuntillaus
1073 5695 1266 5753 suainseruit
1278 5698 1416 5771 Editioni,
1428 5704 1660 5777 operaepretium
1675 5712 1721 5767 est
1732 5708 1825 5785 ipsum
1836 5712 1870 5759 ΙΙΙ·
1942 5762 1948 5767 .

220 5774 436 5825 trstaprssan
468 5776 515 5816 m:

240 5829 1869 5917 lenlienotissdJ'eetis,sut,stmavia,intertextis,nounibilannotandumest,qnnmot-osorumolisntlonibil
