3908 6156
37 354 40 359 .
118 298 196 360 lule

382 426 553 483 llPlS'l'GLll
569 425 683 482 LXXVI.

360 531 398 570 nn
414 532 559 571 ueratrum
574 530 704 570 sanarem

116 614 169 670 lint
184 613 321 670 nrondnla
335 615 502 687 Augustino,
517 628 598 684 quem
611 611 720 681 adibat,
731 609 895 677 cohibenda,
906 607 942 666 od

255 685 411 757 faciliorem
425 685 575 756 inpiorum
589 685 802 740 conversionem.

155 790 199 863 (a)
214 789 368 863 Gregorius
384 789 494 847 Mellito
508 789 607 846 abbati
623 789 653 846 in
668 788 798 845 Francia.

153 885 222 936 Post
232 878 395 936 discessum
407 877 642 951 congregationis
648 881 940 949 nostrae,quaeteeum

118 972 174 1037 est,
190 967 272 1024 valde
286 984 390 1024 sumus
404 966 542 1040 suspensi
556 966 671 1037 redditi,
683 967 753 1040 quie
766 966 806 1023 nil
822 967 858 1023 de
872 981 941 1037 pro·

117 1057 256 1129 speritate
274 1058 363 1113 vestri
383 1057 498 1114 itineris
513 1056 633 1114 audisse
648 1072 702 1113 nos
717 1055 850 1127 contigit.
867 1053 939 1110 Gum

119 1162 186 1202 nero
201 1162 252 1202 vos
266 1151 341 1202 Deus
356 1146 540 1217 omnipotens
555 1146 591 1201 ad
607 1143 886 1202 reverendissimum
900 1142 942 1198 vi·

120 1251 185 1291 rum
198 1236 316 1293 fratrem
329 1240 461 1293 nostrum
473 1234 672 1306 augustinum
687 1233 857 1308 episcopum
874 1248 941 1305 per-

119 1325 244 1394 duxerit,
260 1325 348 1380 dicite
362 1323 388 1381 ei
403 1324 472 1396 quid
489 1324 539 1379 diu
552 1338 667 1379 mecum
683 1323 718 1380 de
733 1338 818 1378 cauas
834 1319 939 1393 Angla·

715 293 857 356 SANGTI
880 294 1067 359 GREGORII
1091 295 1221 357 MAGNI

956 428 984 494 Α
1000 434 1106 497 tyrum,
1119 441 1241 496 quorum
1252 424 1312 481 illic
1322 424 1451 498 reliquie
1462 428 1622 497 ponuntur,
1634 425 1821 484 tabernacula

1744 298 1819 358 {216

997 512 1054 570 sibi
1068 514 1145 570 circa
1155 514 1271 570 easdem
1283 512 1421 571 ecclesias
1432 530 1494 585 qure
1506 529 1541 569 ex
1551 512 1627 571 ienis
1637 519 1820 571 commutate

997 612 1076 671 sunt,
1087 604 1123 660 de
1134 604 1224 661 remis
1235 604 1371 662 arborum
1382 603 1502 673 iaciunt,
1513 608 1541 661 et
1551 604 1585 677 (c)
1597 605 1742 679 religiosis
1752 622 1819 662 con·

995 693 1078 751 uiviis
1093 693 1306 752 solemnitatem
1321 693 1478 751 celebrent.
1490 694 1546 752 Neo
1559 693 1746 765 diaboloJ'am
1758 696 1821 750 ani·

996 781 1087 839 malie
1110 783 1274 855 immolent,
1294 785 1345 841 sed
1367 783 1483 840 leudem
1506 783 1556 839 Dei
1575 783 1604 840 in
1627 800 1713 841 esum
1735 801 1820 841 aarum

996 874 1100 929 aaut
1120 871 1259 929 animalia
1277 871 1462 939 occidental
1481 871 1614 929 donatori
1632 871 1768 930 omnium
1786 874 1821 930 de

996 961 1128 1018 satietate
1148 978 1201 1018 sua
1224 961 1333 1034 gratias
1355 960 1490 1029 referant,
1511 965 1544 1017 ut
1567 960 1637 1018 dum
1660 961 1704 1018 eis
1725 963 1820 1035 eliqua

996 1050 1820 1125 euteriusgaudiaresernantur,adinterioragaudisoon·

995 1141 1100 1199 sentire
1112 1140 1225 1197 lucilius
1235 1140 1359 1197 valeant.
1368 1140 1564 1214 Namldlduris
1573 1142 1721 1198 mentibus
1733 1141 1820 1198 simul

996 1232 1095 1287 omnia
1109 1230 1259 1287 abscidere
1272 1230 1455 1302 impossibile
1470 1245 1534 1287 esse
1552 1247 1609 1287 non
1627 1231 1751 1288 dubium
1766 1236 1819 1299 est,

995 1319 1819 1394 quinisquilocumsummumescendereniliturnecesse

119 1408 939 1486 rumcogitanstractavi,videlieetqule(b)iansidolorum
994 1408 1821 1482 estutgradibusveipassibus,nonautemseltibuselene-

120 1498 939 1572 destruiineadsmgenteminimedebeant,sedipsaque
995 1496 1822 1570 tur.SiclsreeliticopopuioinAEgyptollominusssqui·

117 1590 147 1647 in
164 1589 206 1646 eis
221 1593 290 1646 sunt
305 1587 382 1644 idola
396 1589 596 1645 destruantur.
611 1589 695 1658 Aque
709 1585 861 1642 benedicta
877 1586 938 1656 flat,
993 1590 1060 1644 dem
1084 1586 1212 1644 innotuit
1223 1604 1231 1656 ;
1243 1587 1293 1642 sed
1303 1590 1411 1643 tamem
1422 1585 1463 1642 eis
1474 1588 1511 1658 (c)
1522 1586 1732 1644 sacrificiorum
1744 1602 1821 1654 usus,

115 1678 146 1735 in
157 1678 267 1734 eisdem
280 1677 356 1734 lanis
366 1674 656 1749 aspergatur,alteria
670 1679 885 1743 construentur,
896 1691 939 1732 re·
994 1673 1510 1749 quosdiabolnsolebantexbiberepa
1521 1675 1600 1732 cultu
1611 1677 1823 1749 proprioreser·

117 1765 217 1840 liquis
226 1763 457 1837 ponantur,quie
467 1766 492 1821 si
505 1766 570 1820 iana
581 1764 682 1819 eadem
692 1763 766 1820 bene
774 1767 939 1820 constructa
955 1796 979 1863 B
993 1764 1168 1834 vavil,uteis
1179 1764 1208 1820 in
1224 1762 1367 1821 sacrificio
1378 1779 1430 1820 suo
1441 1763 1579 1822 animalis
1589 1764 1744 1822 immolare
1755 1782 1823 1839 pree-

119 1862 200 1926 sunl,
210 1871 327 1912 necesse
336 1863 379 1911 est
389 1852 531 1909 utacultu
541 1853 707 1909 daemonum
718 1852 748 1907 in
764 1852 940 1924 obsequium
994 1855 1121 1928 ciperet:
1134 1858 1288 1924 quatenus,
1299 1869 1350 1909 sor
1368 1856 1526 1921 mutantes,
1536 1851 1616 1911 aliud
1628 1854 1666 1910 de
1680 1854 1821 1912 sacrificio

118 1946 177 2002 reri
194 1944 243 2001 uei
257 1943 382 2000 debeant
397 1940 581 2010 commutari,
598 1944 630 1996 ut
643 1942 714 1997 dum
731 1956 803 2013 geue
817 1940 883 2012 ipsa
895 1957 941 1996 ea·
995 1942 1172 2011 amitterent,
1183 1941 1262 1998 aliud
1276 1941 1446 2009 retinerent,
1457 1947 1487 1997 ut
1501 1940 1556 1998 etsi
1571 1941 1634 2015 ipsa
1650 1944 1819 1999 esserrtani·

120 2034 186 2091 dem
202 2034 269 2088 fana
284 2048 341 2086 non
360 2032 441 2087 videt
455 2029 575 2097 destrui,
597 2028 632 2085 de
651 2029 736 2086 corde
752 2045 876 2086 errorem
892 2031 941 2086 de·
996 2032 1086 2089 malis
1105 2048 1169 2104 que
1190 2031 1292 2087 oiierre
1312 2034 1530 2099 consueverant,
1544 2035 1747 2088 verumtamen
1766 2031 1820 2089 Deo

120 2126 217 2196 ponat,
233 2129 270 2186 el,
286 2125 378 2176 Deum
393 2135 494 2176 verum
514 2134 690 2193 cognoscens
709 2134 742 2174 eo
757 2117 891 2188 adorans,
906 2120 941 2175 sd
996 2123 1058 2181 bec
1078 2131 1105 2180 et
1127 2138 1186 2179 non
1203 2121 1291 2178 idolis
1306 2121 1502 2193 immolantes,
1516 2123 1577 2193 jem
1592 2123 1742 2180 sacrificia
1757 2124 1817 2196 ipsa

119 2210 183 2268 loce
201 2226 264 2282 que
283 2207 431 2265 consuevit
450 2206 624 2264 familiarius
643 2212 808 2264 concurrat.
822 2207 857 2263 lit
872 2208 942 2280 quie
996 2232 1055 2271 non
1074 2217 1185 2270 essent.
1202 2211 1267 2268 liae
1280 2211 1370 2285 igitur
1383 2210 1567 2269 dilectionem
1588 2216 1669 2269 tuem
1684 2213 1818 2285 predicto

120 2297 207 2356 bores
218 2294 941 2365 solentinsacriliciodentosummultosoooidere,
995 2303 1078 2360 fratri
1094 2318 1213 2360 necesse
1231 2304 1276 2357 ast
1295 2302 1401 2369 dicere,
1418 2305 1450 2357 ut
1470 2301 1541 2374 ipse,
1558 2302 1588 2358 in
1604 2304 1743 2373 prasenti
1763 2302 1817 2360 illic

120 2389 207 2446 debet
220 2387 265 2442 bis
280 2386 367 2443 etiam
379 2385 433 2441 bae
444 2385 479 2441 de
491 2400 521 2442 re
531 2384 630 2456 eliqua
645 2383 817 2440 solemnitas
830 2384 942 2441 immu·
996 2393 1122 2464 positus,
1138 2389 1298 2463 perpendat
1316 2388 1442 2461 qualiter
1459 2389 1560 2446 omnia
1580 2391 1687 2446 debeat
1701 2392 1817 2465 dispen-

119 2472 854 2547 tari,utdiededicationisveinatalitiissanctorum
865 2490 942 2531 mer·
996 2478 1816 2551 aarelleusteinoolumemcustodiat,dilectissimetlli.

156 2639 247 2696 lirrsr.
265 2635 371 2692 LXXVI
387 2636 441 2710 [ll.
451 2635 499 2707 71]
510 2664 543 2676 -
554 2634 595 2707 (o)
609 2633 725 2691 ‘l'itulus
739 2634 786 2690 bio
801 2634 877 2760 apud
893 2635 943 2692 Be·

122 2711 201 2778 dam,
225 2708 276 2764 lib.
292 2725 301 2764 r
318 2709 425 2765 Facies.
448 2706 568 2773 litator,
592 2722 657 2775 cap.
681 2707 727 2773 30,
752 2708 793 2763 ita
827 2708 941 2779 egitur:

122 2781 309 2839 Diirclmimo
322 2780 383 2850 filio
396 2778 501 2836 ileliito
513 2777 606 2834 oblau
620 2778 767 2847 Gregorius
780 2794 872 2834 seruas
885 2794 944 2835 scr·

119 2868 215 2909 norum
231 2852 288 2907 ilci.
303 2853 442 2907 Gnssnnv.
997 2853 1146 2909 Dominicis
1166 2867 1217 2921 pro
1235 2854 1492 2908 conmemoratione
1511 2868 1572 2909 ineo
1584 2856 1672 2910 sacris
1686 2855 1816 2910 uitandus

156 2924 195 2996 (l)
212 2923 317 2978 Eadem
334 2923 389 2977 luit
403 2921 495 2977 sancti
512 2919 668 2993 Augustini
686 2937 780 2991 mens,
796 2919 880 2992 epist.
897 2921 940 2990 l7,
996 2926 1129 3006 elimatur
1144 2924 1259 2990 oblatio,
1274 2922 1543 2979 ebrudunensibus
1556 2924 1725 2996 presbyteris
1739 2938 1815 2997 alque

122 2996 157 3051 ad
169 2992 366 3051 Publicolam:
381 2992 448 3048 Cum
458 2992 670 3063 complantata,
682 2991 747 3048 luci.
765 3032 772 3047 .
795 3033 801 3046 .
824 3032 831 3046 .
853 3033 860 3046 .
883 3033 890 3048 .
912 2993 942 3047 in
996 2993 1564 3051 draconiluronnuaconniuioconcedente
1573 2996 1813 3067 Deoproebeontar.

121 3064 250 3122 bonorem
263 3066 325 3120 ueri
338 3065 602 3124 Dciconnertuntur.
613 3062 772 3119 bocdsillis
784 3063 899 3134 fitquod
909 3064 942 3118 de
997 3067 1163 3126 Notandum
1179 3064 1289 3122 etiilud
1305 3065 1490 3133 Theodoreti,
1506 3067 1696 3124 decorandis
1712 3069 1815 3124 urere

120 3135 978 3230 bominibus,cumeasacrilcpiselinrpiisinneromrelips'o-c
996 3154 1061 3196 rum
1080 3136 1246 3206 dilectibus,
1265 3152 1355 3192 serm.
1374 3137 1401 3205 8,
1422 3137 1451 3193 in
1472 3136 1539 3205 fine,
1559 3138 1608 3193 ubi
1628 3139 1665 3195 de
1680 3139 1812 3195 illustrio-

119 3225 183 3265 nem
193 3212 348 3264 motantur.
360 3207 567 3274 theodoretus,
579 3206 614 3261 de
625 3205 763 3261 curandis
773 3206 940 3261 Grecorum
995 3211 1076 3267 ribus
1092 3208 1211 3280 paganis
1226 3207 1312 3264 verba
1326 3208 1446 3275 iaciens,
1461 3207 1503 3265 sit
1519 3224 1569 3264 eos
1584 3225 1681 3280 neque
1694 3211 1811 3281 insigni·

119 3279 288 3347 aneclitus,
305 3294 394 3335 telm-
409 3278 437 3343 82
456 3278 492 3333 dt
507 3276 693 3349 Muriyllbus,
713 3277 858 3332 destructe
877 3276 940 3346 qui·
995 3282 1048 3337 bus
1077 3279 1272 3335 monumentis
1296 3277 1419 3347 condiri,
1442 3288 1491 3335 aut
1513 3280 1609 3352 epuiis
1633 3282 1810 3339 solemnibus

119 3352 184 3407 dem
199 3366 264 3405 esse
278 3351 399 3406 deorum
415 3348 523 3420 templa
533 3356 560 3404 et
570 3362 635 3402 eras
646 3347 827 3418 pronuntiat,
839 3362 940 3403 eorum
995 3351 1131 3409 honorari
1151 3348 1262 3416 soiitos,
1279 3357 1362 3420 prout
1382 3360 1522 3422 martyres
1542 3352 1656 3409 nostri:
1672 3348 1745 3408 Οὔτε
1762 3351 1808 3425 γὰρ

118 3438 186 3478 sero
201 3421 353 3478 materiem
373 3435 489 3476 omnem
505 3422 664 3490 martyrum
685 3418 762 3474 ienis
777 3419 941 3475 eminatam
995 3420 1096 3499 τάφους
1113 3417 1225 3494 ἔχουσιν
1240 3417 1405 3491 ἐπισήμους,
1424 3416 1487 3475 οὔτι
1500 3417 1696 3492 δημοθοινίαις
1710 3423 1815 3485 icarios<

118 3509 194 3550 esse.
214 3491 304 3549 Paulo
321 3492 406 3547 aliter
419 3507 502 3548 cono.
518 3491 686 3562 Epaonense
704 3505 782 3545 anuo
795 3490 859 3553 517,
874 3505 941 3545 cen.
996 3491 1180 3569 γιραῑρονται.
1198 3492 1301 3548 Postea
1316 3498 1496 3549 tamencum
1513 3494 1648 3551 licentius
1666 3495 1815 3567 epularen-

118 3565 175 3622 33:
196 3564 329 3619 Basilicas
349 3562 549 3629 hereticorum,
570 3577 638 3632 qaas
656 3564 737 3617 tonte
756 3560 942 3617 exsecratione
996 3572 1055 3632 tur,
1081 3564 1244 3634 improbata
1267 3567 1338 3619 eunt
1361 3562 1502 3634 ejusmodi
1525 3565 1656 3622 convivia
1674 3582 1694 3623 a
1712 3569 1817 3626 sanctis

118 3636 252 3691 babemus
269 3649 376 3703 eaosas,
396 3642 426 3689 ul
447 3635 627 3704 pollutionem
648 3647 745 3687 eorum
765 3631 942 3704 pernobilem
997 3634 1142 3701 Patribus,
1156 3635 1318 3702 ambrosio,
1329 3633 1432 3690 homil.
1448 3635 1483 3691 de
1498 3635 1560 3691 iliis
1574 3642 1603 3692 et
1615 3637 1743 3707 imanis,
1756 3656 1816 3711 cap.

117 3721 174 3762 non
202 3714 337 3776 putemus,
360 3710 464 3760 sanctis
487 3703 582 3760 usibus
605 3703 746 3774 applicare
766 3703 940 3775 despicimus.
998 3706 1240 3775 li,·liugustino,
1256 3705 1342 3779 epist.
1361 3705 1408 3773 ul,
1424 3708 1460 3763 ud
1476 3706 1816 3783 llureliumepiscopum,

119 3776 220 3845 Anulis
229 3778 264 3833 ad
277 3777 364 3833 iidem
374 3776 536 3843 conuersis,
547 3780 697 3831 censuerat
708 3775 865 3846 Gregorius
876 3776 943 3831 iana
996 3777 1052 3835 Sed
1067 3782 1097 3833 et
1112 3776 1168 3832 ills
1184 3778 1413 3846 compotationes
1427 3777 1556 3849 etepuie
1568 3778 1695 3851 publicis
1711 3781 1819 3854 legibus

119 3848 263 3905 idolorum
290 3848 479 3911 destruenda.
499 3862 557 3917 qua
579 3845 615 3902 de
639 3862 669 3903 re
692 3844 858 3902 ildilbertbo
883 3845 943 3918 regi
997 3850 1127 3907 coercita
1142 3848 1260 3905 luerunt
1279 3847 1438 3920 Gepituier.
1455 3848 1507 3905 lib.
1523 3865 1562 3915 rr,
1576 3866 1640 3920 esp.
1653 3851 1820 3919 itl3concil.

119 3919 276 3989 scripserat
292 3918 345 3974 hac
358 3917 592 3989 ipseindictione
603 3916 689 3987 epist.
700 3918 754 3985 tid;
767 3917 816 3972 sed
829 3923 943 3974 mutata
997 3920 1123 3977 Nannet.
1140 3935 1206 3977 can.
1223 3920 1257 3975 10
1271 3935 1278 3975 :
1295 3919 1486 3976 Autissiodor.
1501 3936 1566 3977 ean.
1580 3924 1609 3976 2.
1625 3922 1769 3981 Gussarru.

120 3990 264 4046 sententie
279 3988 497 4044 convenientius
509 3987 652 4058 judicavit
668 3992 699 4042 ut
709 3988 903 4114 exssiareatur,
915 3993 944 4045 et
1032 3991 1071 4064 (d)
1087 3990 1176 4047 Istius
1191 3988 1307 4047 consilii
1322 3991 1496 4061 prudentem
1512 3992 1746 4050 moderationem
1764 4011 1817 4051 non

119 4062 232 4116 souitu
252 4059 416 4115 demonum
436 4058 467 4114 in
482 4059 656 4129 obsequium
671 4059 731 4113 reri
770 4075 795 4114 er
811 4076 944 4117 commu·
998 4062 1108 4136 patitur
1121 4060 1200 4118 zelus
1215 4061 1410 4133 quorumdem
1422 4061 1610 4131 immodicus,
1621 4079 1693 4134 quos
1705 4066 1821 4122 delectat

119 4138 260 4187 terenlur.
997 4135 1124 4190 ciamare
1136 4150 1143 4189 ε
1156 4133 1310 4189 Grineuite
1325 4132 1462 4203 usquead
1475 4133 1700 4191 tundamentum
1714 4154 1722 4205 ς
1736 4137 1820 4193 libras

155 4201 243 4274 (cleb
258 4199 332 4271 ipsis
347 4199 495 4272 religionis
511 4198 682 4257 Christiana
693 4199 860 4272 primordiis
868 4202 944 4257 cele-
998 4207 1086 4261 etiam
1099 4204 1822 4281 minimasexslirpste,etm'l'empraeposterasgeu·

120 4272 205 4329 brata
221 4271 310 4327 luisse
324 4270 461 4344 religiose
475 4271 607 4328 convima
621 4271 720 4328 nullus
734 4272 860 4358 ignorat.
872 4272 945 4328 Hinc
998 4276 1027 4331 di
1044 4276 1155 4332 ratione
1175 4275 1293 4345 plurimi
1309 4275 1428 4330 luerunt
1442 4274 1472 4331 in
1488 4276 1617 4334 schisma
1635 4283 1689 4335 eut
1703 4280 1822 4336 beream

120 4349 187 4417 post
202 4344 320 4400 Gmnam
341 4342 515 4398 dominicam
530 4343 662 4399 convivis
676 4341 725 4398 illa
739 4341 840 4416 αγάπαι
854 4343 942 4410 dieta,
999 4345 1154 4417 compulsi,
1170 4362 1245 4418 quos
1265 4346 1424 4402 moderatio
1446 4345 1615 4404 retinuisset
1629 4347 1710 4406 intra
1724 4351 1822 4407 matris

120 4415 196 4488 quod
204 4413 786 4486 Christianerebaritatisessentsymbols.
795 4414 848 4470 Fre
871 4430 943 4469 uen·
998 4416 1133 4474 Ecclesiae
1148 4417 1252 4473 sinum.
1269 4415 1324 4472 alii
1344 4417 1415 4473 iorte
1430 4417 1559 4475 redirent
1573 4419 1604 4475 in
1620 4421 1745 4477 unitatis
1760 4438 1820 4495 gre·

120 4493 179 4544 tata
194 4487 313 4543 luerunt
323 4492 424 4555 postea
433 4486 579 4554 eiusmodi
590 4485 760 4541 convinisin
772 4485 845 4542 iesto
881 4485 943 4541 edi·
1000 4488 1102 4554 mium,
1115 4488 1140 4544 si
1154 4487 1263 4544 morosi
1279 4487 1399 4558 quidam
1413 4488 1535 4559 objectis
1552 4489 1648 4560 spinis
1667 4492 1747 4549 viam
1766 4508 1821 4548 non

120 4558 245 4614 cationis
269 4554 409 4612 ecclesie.
433 4556 571 4612 Sidonius
595 4555 801 4628 Appollinaris‚
823 4538 982 4638 epistolaD
999 4558 1136 4630 sepirent.
1152 4564 1204 4616 aut
1220 4560 1449 4630 propugnatione
1464 4561 1659 4629 quarumdam
1675 4572 1820 4636 corrupte·

120 4630 155 4685 le
169 4631 220 4685 lib.
232 4645 261 4684 ιν
274 4644 281 4683 :
294 4627 414 4697 Epulum
423 4628 574 4699 multiplex
583 4630 610 4682 cl
619 4627 802 4697 capacissima
813 4629 944 4684 iectutcr·
999 4629 1104 4699 iarum,
1113 4636 1163 4686 aut
1174 4634 1247 4686 ritus
1258 4629 1409 4712 exigendo,
1420 4630 1724 4703 laudabilesquidem,
1734 4639 1764 4690 at
1772 4635 1822 4690 mi·

119 4699 169 4756 nia
182 4717 263 4771 paro,
278 4699 407 4768 plurimis
421 4699 485 4768 uiis,
499 4697 629 4770 plurilus
645 4698 741 4756 turbis.
758 4700 797 4754 llo
812 4700 944 4755 tonorum
999 4717 1056 4757 nus
1077 4702 1150 4757 iorte
1170 4717 1362 4769 necessarios,
1379 4705 1429 4757 aut
1448 4701 1521 4758 alios
1544 4702 1641 4759 minus
1664 4704 1823 4761 laudabiles

119 4772 297 4828 contubernio
311 4772 390 4827 sedit.
402 4770 442 4826 ll
452 4778 478 4824 lc
489 4771 596 4825 venitur
605 4772 715 4851 quippe,
724 4781 870 4841 postquam
885 4784 944 4825 orn·
999 4772 1167 4841 importune
1178 4772 1360 4843 exagitando,
1374 4788 1447 4844 quos
1457 4776 1557 4829 Patres
1568 4775 1749 4832 sanctissimi
1759 4778 1822 4832 uni-

119 4844 201 4898 nr'bus
216 4851 320 4913 tempus
334 4846 438 4913 loturo
451 4839 634 4897 dedicationis
647 4840 792 4895 smlorail.
803 4841 858 4896 Sed
871 4845 899 4894 et
913 4839 944 4896 in
999 4842 1068 4899 tetis
1083 4844 1180 4899 studio
1194 4841 1374 4900 tolerassent.
1397 4841 1511 4899 Scilicet
1524 4846 1678 4914 piscator-ic
1693 4848 1773 4904 nobis
1786 4851 1823 4903 cst

120 4913 263 4969 natalitiis
279 4918 452 4982 martyrum,
463 4917 492 4968 et
506 4911 590 4967 lestis
604 4910 670 4966 allis
681 4909 758 4967 idem
770 4911 943 4980 lectitatum,

119 4986 208 5067 testes
222 4989 294 5039 sunt
307 4984 424 5067 plurimi
440 4983 598 5108 scristores
611 4980 685 5037 sacri
701 4997 708 5035 :
722 4982 877 5053 Gregorius
891 4981 945 5064 Na-

118 5052 894 5195 vazagquarfiaffiemih5eflpgpgn313u,slleyslssznqg,
906 5069 943 5179 ἐξ

118 5195 333 5279 Eustochiumj
353 5196 563 5260 Theodoretus,
583 5195 694 5277 llistor2
712 5140 819 5289 decies.
840 5194 891 5249 lib.
906 5210 944 5277 ‚¹¹⁹

118 5266 734 5407 illlisillinistinillil?
749 5267 944 5418 illilus

119 5408 280 5476 Miraoulis,
305 5425 369 5478 cap.
397 5411 455 5475 lo;
482 5408 673 5474 Frodoardus,
697 5407 747 5463 lib.
775 5424 785 5463 r
809 5406 944 5463 Historia

120 5480 293 5536 Rbemensis
308 5481 370 5536 baec
383 5480 471 5535 verba
482 5495 516 5533 ex
528 5483 703 5533 testamento
713 5479 806 5534 sancti
818 5477 944 5560 Remigii

119 5553 221 5608 laudet
232 5568 239 5606 ε
253 5554 369 5607 Vineam
379 5551 430 5603 tibi
442 5549 588 5620 (Agricola
596 5550 690 5621 nepos)
701 5554 813 5606 cotenus
824 5548 946 5605 derclin-

119 5638 183 5695 quo,
194 5625 224 5675 ut
238 5621 336 5676 diebus
350 5621 429 5689 festis
443 5627 470 5672 et
484 5618 610 5674 omnium
625 5620 784 5691 Dominicis,
798 5624 886 5677 sacris
899 5622 944 5676 nl·

997 2641 1033 2697 Et
1047 2639 1120 2694 inira
1132 2638 1323 2711 :Aqolbcmcro
1336 2637 1430 2710 amoti
1443 2654 1504 2695 meo
1517 2639 1627 2696 rincum
1640 2639 1723 2709 dono,
1739 2657 1817 2713 quom

996 2713 1078 2784 posui
1098 2710 1278 2773 Vindonissa,
1299 2719 1325 2765 et
1345 2725 1404 2766 rnen
1424 2709 1518 2766 labore
1534 2713 1669 2767 constitui
1690 2729 1701 2775 ,·
1721 2715 1772 2768 sut
1788 2729 1816 2768 ea

996 2782 1156 2839 conditione
1170 2786 1200 2836 ut
1215 2797 1231 2836 o
1244 2781 1371 2851 partibus
1381 2783 1438 2836 suis
1452 2780 1579 2837 omniisrs
1593 2782 1691 2840 dicius
1704 2786 1817 2853 testuct

997 4913 1142 4985 agendum,
1158 4931 1212 4970 non
1228 4913 1406 4981 Amslotslice,
1424 4919 1457 4970 ut
1470 4913 1555 4971 babet
1569 4916 1695 4988 epistola
1708 4919 1817 5047 eflisco·

999 4999 1104 5056 porum
1121 4985 1203 5041 Ponti
1218 4984 1255 5040 ed
1271 4984 1396 5042 Leonem
1411 4985 1616 5056 imperatorem
1626 4988 1726 5061 poslG
1749 4991 1821 5047 aloe·

998 5057 1128 5113 dunense
1143 5054 1309 5112 concilium.
1325 5056 1465 5114 Gussnnr.

1034 5127 1069 5198 (c)
1086 5129 1116 5182 ld
1132 5128 1273 5199 probatur
1283 5143 1317 5183 ex
1329 5127 1418 5185 levit.
1428 5144 1489 5183 xvrr
1501 5144 1508 5183 ε
1521 5128 1553 5185 b’t
1561 5145 1740 5204 nequaquam
1751 5134 1821 5189 ultra

999 5198 1295 5254 immolabuntlioslias
1310 5214 1374 5254 suas
1387 5198 1566 5267 annositas,
1575 5215 1640 5257 curn
1653 5204 1755 5274 quibus
1768 5208 1821 5277 {or

998 5268 1087 5325 nicnli
1098 5274 1171 5325 sunt.
1188 5269 1329 5327 Gusssnv.

1033 5339 1109 5411 (0¹¹¹
1121 5340 1360 5409 duobus'reller.,
1387 5340 1819 5412 uibusconsentitlldit.Vatic.,

998 5408 1106 5481 legitur
1117 5428 1124 5467 :
1137 5410 1207 5465 Date
1221 5427 1260 5466 xrr
1273 5356 1391 5467 Kalend.
1403 5412 1483 5480 iulii,
1495 5412 1545 5469 sed
1561 5416 1714 5473 mendose.
1725 5416 1821 5489 Neque

999 5482 1104 5537 melius
1113 5482 1188 5551 apud
1202 5481 1320 5553 bedam,
1330 5499 1364 5537 ex
1374 5497 1431 5554 quo
1442 5490 1557 5555 sumpla
1566 5484 1684 5543 estbero
1693 5488 1820 5561 epistole

999 5550 1142 5616 clausula,
1162 5552 1304 5623 scriptum
1325 5557 1378 5620 est,
1398 5569 1434 5609 xv
1452 5553 1557 5611 Kalend
1575 5556 1731 5618 latiorum.
1751 5560 1819 5617 Nam

999 5624 1096 5679 eodem
1118 5622 1194 5678 beda
1214 5628 1298 5690 teste,
1314 5621 1365 5679 lib.
1381 5640 1401 5691 r,
1417 5641 1442 5680 c.
1458 5626 1502 5691 w,
1523 5624 1616 5696 initio,
1631 5630 1745 5702 scripta
1763 5648 1820 5688 nou

119 5693 229 5750 taribus
240 5707 304 5745 mea
318 5691 382 5744 inde
392 5688 646 5758 offeraturoblatio,
656 5697 740 5761 alque
750 5692 945 5748 annuaconni-
999 5692 1130 5749 luithere
1146 5708 1161 5747 e
1183 5693 1268 5749 istola
1282 5693 1340 5749 nisi
1375 5700 1421 5752 ast
1436 5695 1536 5753 lisliiti
1549 5696 1728 5757 discessum.
1740 5704 1774 5758 lt
1787 5718 1820 5759 er

118 5767 167 5822 uia
177 5759 943 5833 Rhamnusiumpresbyterisetdioconibospreieantur.
999 5766 1100 5822 eodem
1115 5710 1204 5831 Beda,
1217 5780 1242 5820 ο.
1251 5764 1296 5834 29,
1307 5710 1418 5822 Meflito
1434 5766 1526 5823 Rome
1540 5768 1741 5839 proficiscenti
1755 5772 1820 5831 Gre
