3908 6156
77 244 138 307 {33
438 236 627 304 mantele
647 237 909 304 aletoooaillu
929 238 1072 306 studit
1095 239 1280 304 anabasii
1302 239 1439 306 utam.
1737 246 1795 311 tet

73 385 142 441 locs
156 377 293 437 exsariis
304 374 434 451 Gregorii
448 375 637 450 tlialogorum
653 376 748 434 libris.
764 379 908 436 Celerum
922 380 998 437 ttlss
1011 379 1065 437 hoo
1080 396 1155 454 opus
1172 378 1257 437 diuiti
1274 381 1315 449 iol
1332 386 1423 438 eistat
1438 381 1468 438 in
1485 383 1580 441 trihus
1594 384 1795 445 uoluminibus

76 456 204 526 antiqua
219 468 311 507 manu
325 457 356 506 et
368 450 496 523 eleganti
505 450 675 506 charactere
688 458 850 519 esaraluui,
863 467 892 509 iii
905 455 1083 510 monasterio
1094 455 1293 524 longipontis,
1304 452 1416 510 ordinis
1431 455 1642 527 cisterciensis,
1654 458 1795 516 Dimeesis

78 527 320 585 suessionensis.

122 599 279 655 Possemus
293 592 438 648 adducere
453 591 596 662 plurimos
610 590 688 648 viros
703 593 845 666 insignes,
861 594 911 667 qui
932 593 1069 667 Dialogus
1085 594 1152 650 illos
1172 596 1381 664 appiobarunl,
1397 596 1582 667 sigebertum
1603 599 1798 658 Gemhiacen·

82 687 162 733 aem,
173 670 285 723 leonem
304 665 524 731 carnotensem,
538 663 697 719 donarium
713 667 1020 737 augustodunensem,
1034 666 1191 734 Rupertum
1203 665 1396 727 'initiensem
1407 669 1585 726 bernardum
1596 671 1793 728 claravallen-

85 757 166 804 sem,
182 739 353 795 Gratianum
368 738 420 805 (hl,
442 740 556 792 Petrum
576 734 784 801 Liiiibardum,
801 739 909 794 dictum
927 738 1101 809 Magistrum
1126 746 1352 806 sententiarum,
1373 737 1562 797 Guillelmum
1577 745 1612 795 de
1630 742 1796 815 Campeilis,

81 814 303 869 &mmmmm
321 817 415 863 ,ηοω
430 804 556 863 victuris
572 806 744 863 molensis
767 810 976 879 iustitutorem,
992 825 1025 864 ac
1047 816 1111 877 post
1125 810 1296 879 episcopum
1319 811 1571 880 eaiilaunsnsem,
1593 813 1708 870 Petrum
1728 815 1798 870 Giu-

84 886 271 949 blesensem,
289 879 441 935 albertum
467 894 617 950 inagnum,
641 879 783 935 Thomam
806 881 993 954 Aquinatem,
1017 881 1257 946 ilonavoiituram,
1278 887 1306 935 el
1325 881 1397 938 iilius
1415 883 1465 955 qui
1489 886 1524 940 ad
1545 884 1684 942 seculum
1706 901 1799 959 iisque

82 963 223 1014 nostrum
239 953 410 1009 floruerunt.
427 949 533 1005 Verum
554 966 590 1005 ne
605 950 700 1005 simus
718 951 845 1020 lastidio,
863 952 999 1009 lectorem
1015 953 1050 1007 ad
1066 968 1115 1008 eus
1132 952 1318 1007 remittimus.

119 1027 178 1083 Sed
195 1040 253 1081 nec
268 1021 486 1090 manuscriptos
503 1021 690 1092 Dialogorum
706 1021 836 1095 Gregorii
849 1024 967 1081 Codices
980 1039 1152 1079 enumerata
1164 1039 1257 1094 opere
1279 1023 1405 1094 pretium
1417 1027 1471 1091 ast,
1488 1040 1555 1081 cum
1572 1025 1679 1082 inlinili
1695 1042 1800 1098 prope·

81 1099 208 1155 modum
226 1100 336 1166 abique
346 1094 543 1159 inveniantur,
557 1108 608 1148 noc
623 1093 713 1148 ullum
729 1094 786 1149 lere
797 1096 951 1169 antiquum
966 1096 1176 1151 monisterium
1189 1093 1227 1150 eit
1238 1096 1266 1149 in
1279 1110 1335 1168 quo
1345 1095 1403 1153 duo
1416 1103 1466 1152 aut
1478 1096 1533 1152 tria
1543 1100 1719 1171 exemplaria
1732 1100 1797 1154 ilia·

82 1170 224 1238 logorum
240 1166 372 1237 Gregorii
388 1165 496 1236 scripta
511 1179 569 1219 non
585 1166 776 1232 reperiantur.

120 1242 241 1308 Quibus
255 1237 401 1294 machinis
415 1242 457 1292 tut
470 1239 588 1292 testium
614 1237 909 1310 testimoniorumque
924 1236 1013 1293 robur
1032 1233 1149 1292 valcant
1168 1236 1324 1292 adversarii
1348 1237 1515 1308 intringere,
1537 1255 1595 1294 non
1615 1240 1688 1296 satis
1702 1238 1797 1296 video.

82 1313 192 1369 Restat
207 1318 242 1366 ut
256 1325 321 1379 quie
336 1325 353 1363 a
368 1308 481 1364 ratione
496 1313 596 1378 petunt
608 1315 781 1378 argumenta
796 1310 1003 1366 dissolvamus.
1017 1307 1093 1363 Sunt
1104 1319 1200 1364 autem
1212 1309 1269 1364 tria
1280 1325 1344 1381 que
1357 1311 1510 1366 maximeo
1534 1317 1655 1381 ponunt.
1667 1316 1796 1367 Primum

81 1386 205 1440 docniit
225 1396 262 1439 ex
276 1379 364 1453 stylo,
377 1394 466 1448 quem
481 1379 509 1433 in
526 1377 657 1460 tlialagia
672 1380 792 1436 omnino
809 1380 969 1447 diversum,
985 1380 1171 1452 inequalem,
1187 1384 1216 1434 et
1235 1380 1440 1450 inelegantem,
1458 1327 1589 1438 herharia
1603 1390 1633 1437 et
1653 1382 1800 1455 corruptis

80 1457 209 1511 vocibus
225 1454 364 1508 refertum
378 1453 472 1516 aiunt,
484 1455 513 1506 et
521 1449 652 1518 Gregorii
666 1451 796 1521 ingenio,
812 1454 1020 1524 maiestateque
1032 1467 1151 1523 prorsus
1161 1450 1326 1521 indignum.
1338 1453 1367 1507 2⁰
1381 1453 1409 1508 ln
1421 1454 1464 1508 eis
1476 1453 1569 1509 muita
1580 1454 1724 1509 mirantur
1734 1469 1800 1526 qnia

83 1532 159 1584 auct
175 1524 296 1596 penitus
311 1521 506 1578 ineredibilia.
525 1521 555 1577 3ο
570 1520 713 1576 Doctrina
731 1524 858 1593 Gregorii
875 1523 1009 1596 quedam
1023 1526 1224 1591 adversantur,
1236 1528 1269 1577 ut
1283 1522 1335 1577 lib.
1352 1537 1379 1578 iv
1394 1523 1594 1594 Dialogoruni,
1610 1540 1673 1595 cap.
1687 1525 1733 1591 29,
1748 1523 1798 1580 abi

84 1600 232 1673 gebenna
248 1600 344 1678 ignem
360 1609 425 1650 esse
440 1607 611 1664 corporeum
627 1593 746 1660 dieitur,
757 1610 824 1651 oiim
840 1612 854 1652 o
869 1595 1014 1651 contrario
1026 1594 1179 1650 manifeste
1194 1595 1271 1650 dicat
1287 1594 1452 1666 Gregorius,
1470 1597 1520 1651 lib.
1539 1612 1573 1651 sir
1588 1595 1698 1660 uerit,
1714 1612 1739 1652 o.
1752 1596 1796 1666 li,

86 1667 240 1743 ejusmodi
258 1681 354 1739 ignens
371 1679 437 1722 esse
451 1666 667 1737 incorporeum.

121 1741 207 1807 Quod
223 1740 259 1793 iid
278 1737 385 1810 stylum
402 1736 514 1800 attinet,
530 1752 656 1799 agnosco
677 1736 871 1793 diversitatem
894 1737 1035 1810 aliquam,
1051 1751 1108 1791 non
1124 1739 1221 1792 lamen
1242 1736 1454 1794 omnimodam.
1470 1737 1505 1793 iti
1520 1752 1586 1794 iero
1601 1736 1668 1809 quia
1687 1735 1798 1794 nesciat

87 1813 170 1870 idem
186 1813 247 1867 lere
262 1808 293 1866 in
308 1806 445 1864 omnibus
459 1818 626 1864 sanatorum
645 1807 761 1864 Petrum
776 1811 916 1881 operibus
930 1809 1135 1874 animadverti,
1149 1814 1178 1863 et
1192 1810 1303 1863 varium
1319 1824 1383 1865 esse
1399 1809 1505 1882 stylum
1519 1825 1568 1878 pro
1584 1810 1724 1865 varietata
1738 1814 1796 1865 tra·

92 1890 227 1940 statuum
242 1896 275 1935 ac
291 1881 481 1936 materiarum
495 1877 510 1934 i
524 1878 622 1950 Neque
641 1882 719 1934 enim
736 1882 871 1936 eumdem
887 1897 952 1936 esse
967 1879 1141 1943 orationum,
1161 1879 1362 1950 epistolarum,
1384 1880 1580 1947 historiarum,
1602 1880 1797 1953 dialogorum,

93 1963 165 2023 ete,
176 1955 293 2026 stylum,
306 1952 375 2023 quia
389 1967 480 2007 sanus
494 1951 661 2007 asseruerit.
674 1954 842 2023 Quanquam
861 1951 889 2006 in
905 1952 984 2007 iiisoe
999 1951 1127 2022 Dialogis
1139 1949 1229 2005 multa
1243 1958 1322 2019 sunl,
1333 1967 1400 2023 quas
1409 1962 1577 2008 craterarum
1590 1951 1721 2023 Gregorii
1732 1967 1799 2023 ope·

91 2043 159 2082 rum
175 2026 298 2093 stylum,
314 2025 385 2089 vim,
404 2023 588 2087 elegantiam,
600 2026 690 2077 immo
705 2029 734 2077 et
746 2024 872 2079 scientia
888 2023 1070 2079 altitudinem
1088 2023 1222 2087 referant,
1235 2028 1266 2077 ut
1282 2022 1388 2094 legenti
1405 2028 1492 2095 patet.
1512 2024 1567 2079 Sed
1583 2029 1612 2078 et
1626 2023 1720 2095 ipsam
1733 2021 1801 2096 styli

90 2098 293 2152 diversitatem
311 2110 369 2150 non
386 2095 551 2161 mirabitur,
562 2094 612 2164 qul
628 2095 731 2149 viderit
746 2093 916 2221 Greqorinm
928 2094 1024 2167 ipsum
1040 2094 1163 2154 ingeniis
1175 2093 1256 2148 lateri
1270 2110 1301 2150 ae
1316 2094 1451 2150 eumdem
1468 2096 1574 2166 stylum
1591 2093 1620 2148 in
1637 2094 1699 2150 solo
1714 2109 1801 2166 opere

88 2169 247 2225 Moralium
262 2169 418 2222 observare
430 2182 487 2221 non
503 2165 645 2232 potuisse.
660 2165 706 2221 Sic
717 2167 796 2221 eiilm
821 2182 837 2222 o
861 2169 941 2222 uitur
951 2166 1001 2221 lili.
1014 2180 1044 2221 xi
1060 2167 1161 2220 Moral.
1177 2179 1239 2234 cap.
1253 2165 1287 2221 1:
1304 2187 1318 2215 ιι
1331 2164 1466 2232 Quamvis
1477 2181 1505 2219 in
1517 2164 1629 2235 prolixo
1639 2180 1726 2236 opere
1736 2181 1801 2221 esse

89 2239 255 2312 culpabilis
269 2237 336 2310 styli
349 2237 532 2293 mutabilitas
546 2252 605 2292 noii
621 2236 737 2301 debeat,
748 2243 802 2293 etc.
814 2257 828 2289 a
839 2183 881 2293 hi
896 2237 983 2309 paulo
999 2243 1083 2308 post:
1101 2258 1115 2285 a
1128 2237 1361 2292 lmmutatioaem
1378 2236 1457 2313 styli,
1468 2235 1559 2293 lector
1573 2253 1657 2291 meus
1672 2236 1802 2307 equani-

90 2314 182 2369 miter
195 2309 309 2380 accipe,
324 2309 394 2378 quin
408 2313 438 2364 ot
452 2324 526 2378 rape
540 2306 658 2364 eosdem
673 2308 754 2363 cibos
768 2308 923 2364 edentibus
937 2307 1093 2364 diversitas
1111 2308 1206 2378 placet
1220 2308 1369 2364 coctionis.
1382 2328 1397 2358 ll

127 2384 171 2439 dd
185 2383 309 2451 phrases
318 2385 348 2435 et
361 2380 505 2435 dictiones
516 2380 654 2435 barbaras
666 2378 744 2450 quod
755 2381 870 2447 attinet,
881 2380 948 2453 qnia
960 2378 1072 2435 nesciat
1083 2378 1176 2435 multa
1186 2378 1331 2447 ejusmodi
1343 2379 1373 2434 in
1386 2386 1552 2436 sanctorum
1567 2379 1683 2434 Petrum
1696 2381 1802 2433 tracta·

88 2455 174 2510 tibus
190 2450 325 2523 reperiri,
340 2453 390 2523 qui
405 2468 462 2507 non
474 2457 532 2506 tam
548 2451 698 2519 elegantia
715 2457 742 2506 el
754 2454 875 2523 puritati
891 2451 1047 2516 sermonis,
1059 2465 1148 2521 quam
1162 2448 1275 2505 veritali
1286 2455 1315 2506 et
1326 2449 1504 2520 simplicitati
1516 2452 1700 2506 studuerant.
1712 2448 1742 2505 ld
1766 2464 1803 2506 ue

89 2542 121 2582 ae
135 2527 174 2580 de
187 2523 338 2579 industria
352 2522 496 2579 lectitasse
508 2521 615 2577 latetur
629 2523 753 2593 ipsamet
764 2523 921 2595 Gregorius
935 2523 964 2577 in
975 2521 1097 2590 epistola
1107 2520 1144 2577 ad
1160 2521 1320 2578 leandrum
1335 2521 1496 2578 Moralihus
1508 2520 1634 2593 prisilxa,
1646 2519 1694 2575 uhi
1710 2520 1747 2575 do
1777 2519 1803 2577 is

89 2599 135 2653 ita
147 2596 283 2668 loquitar
298 2609 363 2663 cap.
377 2595 412 2650 δε
428 2618 443 2645 ιι
456 2595 549 2660 ipsam
561 2599 651 2648 artem
668 2593 818 2665 loquendi,
829 2608 917 2666 quam
935 2592 1100 2665 magisteria
1113 2593 1274 2675 discipline
1289 2594 1439 2650 exterioris
1451 2593 1613 2660 insinuant,
1625 2606 1741 2649 servare
1751 2592 1803 2647 de-

92 2670 186 2739 spexi.
201 2666 274 2723 Nam
291 2667 370 2721 sicut
384 2666 474 2736 hujus
484 2680 600 2737 quoque
615 2663 747 2735 epistulse
761 2671 845 2722 tenor
858 2665 1003 2730 enuntiat,
1013 2680 1071 2720 con
1087 2665 1252 2721 metacismi
1266 2665 1444 2721 collisionem
1456 2666 1548 2736 lugia,
1558 2680 1614 2720 aon
1628 2661 1804 2719 barbarismi

95 2740 302 2795 contusionem
318 2738 425 2801 devito,
440 2737 516 2792 situs
538 2742 694 2804 motusque
710 2736 960 2808 propositionum,
976 2751 1120 2807 casusque
1134 2751 1248 2792 servire
1263 2743 1438 2804 contemno;
1459 2738 1528 2808 qnia
1542 2738 1694 2801 indignum
1715 2733 1804 2789 veha-

96 2816 214 2866 menter
233 2809 381 2873 existimo,
398 2814 430 2863 ut
448 2808 536 2863 rerba
554 2808 679 2864 caelestis
699 2809 807 2864 oraculi
831 2810 1004 2879 restringam
1025 2807 1207 2878 subregulis
1229 2808 1342 2864 llanati.
1366 2807 1466 2879 Neque
1488 2806 1567 2862 enim
1589 2805 1649 2861 lieo
1674 2805 1711 2861 ab
1734 2804 1804 2860 ullis

98 2882 312 2952 interpretibus
322 2879 352 2934 in
363 2880 517 2949 Scriptura
527 2895 615 2934 sacra
632 2880 786 2935 autoritate
800 2886 1030 2935 samaraeum.»
1047 2877 1123 2934 idem
1135 2878 1171 2934 de
1186 2878 1306 2935 vocibus
1319 2879 1451 2935 barbaris
1466 2878 1634 2942 dicendum,
1647 2892 1720 2949 quas
1736 2876 1807 2932 han·

98 2957 299 3025 gobanlornm
316 2956 346 3006 et
359 2950 483 3007 aliarum
502 2951 673 3023 populorum
690 2951 839 3006 harbaries
854 2951 884 3006 in
901 2950 1013 3007 ltaliam
1031 2950 1194 3006 invexerat:
1213 2951 1290 3006 unde
1308 2957 1337 3006 et
1354 2950 1417 3021 jam
1441 2950 1544 3006 Latina
1565 2951 1670 3019 lingua
1690 2949 1804 3018 puritas

95 3025 178 3080 velut
192 3028 257 3079 luto
273 3024 328 3077 islo
341 3036 456 3094 prorsus
466 3021 661 3077 inliciebatur.
674 3023 736 3077 lmo
746 3029 775 3078 et
786 3023 837 3077 illa
848 3024 947 3089 verba,
959 3021 1045 3092 paulo
1057 3027 1088 3076 iit
1098 3021 1137 3076 ita
1149 3021 1244 3076 dicam
1257 3023 1422 3087 rusticiore,
1434 3036 1491 3076 non
1502 3019 1595 3092 ipsius
1604 3018 1743 3092 Gregorii,
1754 3020 1806 3074 aed

96 3098 227 3151 aliorum
244 3109 308 3150 esse
322 3093 444 3165 ipsemet
457 3093 611 3164 prolitetur
623 3092 653 3148 in
671 3093 789 3164 prologo
804 3093 1009 3165 tlialogorum:
1032 3113 1046 3141 a
1060 3092 1090 3147 ld
1107 3108 1175 3147 vero
1190 3095 1262 3148 scire
1277 3098 1305 3147 ts
1321 3094 1417 3160 cupio,
1428 3091 1495 3163 quia
1505 3093 1534 3147 in
1547 3090 1724 3163 quibusdem
1737 3105 1805 3146 seii·

98 3183 168 3222 sum
182 3166 384 3230 solummodo,
399 3166 427 3220 in
442 3166 619 3235 quibusdam
630 3180 696 3220 vero
706 3166 829 3221 etverba
844 3180 911 3221 cum
928 3179 1016 3220 sensu
1029 3169 1132 3230 teneo;
1148 3164 1218 3234 quis
1230 3163 1254 3219 si
1266 3164 1302 3218 de
1317 3165 1451 3235 personia
1465 3164 1602 3218 omnibus
1617 3160 1683 3232 ipsa
1693 3160 1807 3232 specia-

99 3239 168 3294 liter
181 3237 269 3292 rerhe
285 3243 384 3292 tenere
397 3236 566 3300 voluissem,
578 3234 638 3291 heo
654 3239 801 3292 rusticano
817 3252 871 3291 usu
890 3235 1003 3307 prolata
1016 3233 1111 3306 stylus
1126 3235 1279 3290 scribentis
1295 3251 1351 3288 non
1367 3241 1434 3305 apte
1448 3235 1646 3304 susciperet.»

134 3309 178 3366 De
192 3309 325 3365 historiis
340 3324 405 3379 qun
415 3309 445 3363 in
461 3307 590 3380 Dialogis
604 3308 800 3371 continentur,
812 3306 884 3363 nihil
895 3312 940 3363 est
954 3305 1034 3377 quod
1048 3306 1154 3373 dicam,
1167 3305 1223 3360 nisi
1233 3307 1310 3376 quod
1322 3303 1479 3374 Gregorius
1494 3319 1544 3359 aaa
1559 3299 1709 3358 reiciendo
1721 3304 1807 3371 prout

99 3382 136 3436 ab
152 3380 221 3436 aliia
237 3380 389 3449 didicerat,
405 3380 493 3434 iidem
508 3394 592 3434 suam
608 3377 749 3434 liberarit.
765 3379 866 3434 Paucae
880 3379 958 3435 enim
975 3382 1055 3444 sunl,
1072 3392 1146 3447 quaa
1157 3376 1384 3448 ipsesevidisse,
1396 3381 1448 3432 aut
1462 3376 1571 3460 quibus
1582 3369 1805 3428 interluiseedi·

98 3452 185 3507 serit.
204 3452 285 3508 Fecit
295 3452 371 3522 quod
388 3449 506 3521 plurimi
521 3458 687 3506 sanctorum
702 3450 816 3506 Petrum
829 3448 999 3506 leceruntin
1012 3448 1113 3505 multia
1125 3447 1266 3512 historiis,
1279 3464 1343 3518 que
1354 3442 1805 3519 utiqueincri‘dibileevidebun·

98 3529 159 3588 tur,
175 3523 202 3577 si
222 3523 259 3578 sd
272 3522 394 3577 rationis
408 3522 544 3578 humane
558 3521 698 3576 trutinam
711 3523 921 3592 expendantur.
933 3520 1006 3586 Quia
1020 3535 1087 3573 veru
1101 3525 1172 3574 aunt
1187 3520 1337 3585 miracula,
1350 3519 1377 3574 id
1394 3524 1440 3574 eat
1454 3518 1540 3573 tidem
1553 3515 1711 3572 humanam
1723 3527 1806 3569 exce·

95 3594 213 3660 dentis,
232 3594 360 3649 humano
370 3593 484 3664 judicio
499 3593 646 3650 metienda
661 3609 717 3648 non
735 3609 799 3649 esse
809 3595 877 3665 quis
891 3590 1046 3662 ambigat?
1060 3591 1202 3647 Standum
1214 3593 1324 3663 putavit
1334 3589 1503 3647 rumoribus
1514 3588 1651 3661 puhlicis,
1663 3584 1705 3641 uti
1717 3592 1807 3640 testes

98 3665 209 3722 ornlaii
228 3665 285 3737 ipsi
299 3666 464 3731 uetuerunt,
479 3680 546 3721 cum
563 3679 598 3719 ex
612 3679 646 3719 eo
662 3663 819 3734 presertim
837 3662 963 3719 lidelium
978 3663 1186 3734 posseteugsri
1203 3663 1307 3734 pietas,
1324 3673 1350 3718 ei
1366 3661 1447 3718 nulia
1462 3661 1568 3717 erroris
1583 3665 1633 3716 aiil
1648 3657 1712 3712 lalai
1729 3655 1806 3712 tue

95 3737 225 3793 aliunde
240 3735 352 3807 species
367 3741 527 3808 appareret.
542 3736 681 3792 Preolare
695 3741 724 3791 ei
738 3736 870 3808 apposite
881 3734 916 3788 ad
932 3749 992 3789 rein
1005 3738 1135 3790 nostram
1146 3734 1356 3797 theodoretus,
1368 3734 1397 3788 in
1413 3733 1580 3804 prelatione
1594 3729 1808 3787 Historissan·

92 3817 213 3864 elerum
232 3812 349 3863 Petrum
365 3823 373 3862 ι
389 3830 403 3858 ι
416 3807 566 3865 Narrando
580 3816 677 3863 autern
697 3808 831 3874 procedet
846 3806 949 3869 oratio,
965 3820 1021 3860 non
1040 3810 1126 3861 utens
1141 3804 1255 3877 iegibus
1268 3807 1480 3871 anconiiorum,
1495 3804 1545 3859 sed
1562 3796 1799 3874 paucaquredam

86 3895 159 3935 vere
174 3880 317 3936 reterens.
336 3878 415 3951 lingo
430 3883 528 3934 nutem
545 3879 594 3947 qui
611 3879 640 3933 in
657 3881 730 3934 bario
746 3877 910 3941 religiosam
922 3875 1080 3932 inciderint
1093 3876 1256 3942 historiam,
1273 3892 1323 3932 seu
1341 3877 1464 3932 formam
1481 3872 1650 3931 monasticia
1666 3869 1807 3925 exercita-

88 3949 187 4007 tionis
201 3950 296 4021 (vocel
306 3952 384 4006 enim
394 3951 462 4021 quie
473 3952 526 4006 hoo
540 3965 647 4020 corpus
657 3950 695 4020 (a)
707 3949 892 4018 piscinarii),
904 3962 940 4003 ne
950 3948 987 4003 iis
999 3963 1063 4018 quas
1075 3949 1212 4003 dicuntur
1223 3949 1321 4003 minus
1332 3948 1462 4010 credant,
1477 3947 1501 4000 si
1514 3945 1583 4017 quid
1597 3942 1717 3999 audient
1726 3938 1807 4012 quod

86 4038 199 4079 eornm
217 4022 293 4078 sires
310 4028 439 4093 superet,
454 4038 509 4078 neo
523 4036 557 4076 eii
573 4036 605 4076 ae
619 4019 703 4075 iiloru
718 4040 733 4073 ιι
750 4022 886 4076 virtutem
904 4020 1081 4086 metiantur;
1097 4018 1148 4075 sed
1162 4025 1259 4088 aperte
1275 4021 1369 4076 sciant
1383 4019 1459 4091 quod
1477 4018 1593 4088 piorum
1605 4014 1711 4070 animis
1730 4014 1806 4068 lleus

87 4096 228 4162 desuper
239 4093 443 4149 metitcrdona
457 4091 637 4149 sanctissimi
654 4092 792 4164 Spiritus,
808 4097 837 4147 et
852 4091 963 4161 majora
978 4089 1098 4158 largitur
1114 4091 1344 4159 perlectioribns.
1361 4094 1425 4146 lieo
1439 4099 1536 4145 antem
1552 4104 1570 4144 a
1586 4104 1632 4144 me
1647 4087 1808 4142 dictasunt

87 4168 126 4221 ad
140 4180 195 4219 eos
210 4164 262 4237 qui
281 4165 311 4220 in
327 4180 423 4221 rernm
439 4164 602 4218 divinarum
625 4163 771 4237 mysteriis
796 4179 853 4218 non
875 4166 943 4218 sunt
964 4161 1123 4218 admodum
1144 4168 1279 4216 accurate
1294 4162 1399 4218 initiati
1413 4180 1421 4228 3
1437 4166 1540 4232 mystis
1555 4159 1631 4213 enim
1653 4159 1807 4231 adytorum

85 4236 330 4309 Spiritusaciunt
343 4238 467 4307 gloriam
483 4235 623 4308 Spiritus,
634 4243 663 4290 et
677 4250 810 4307 quanam
826 4249 877 4306 per
892 4232 1025 4288 homines
1039 4233 1069 4287 in
1086 4232 1254 4288 hominibus
1277 4233 1363 4288 iaciat
1379 4232 1531 4297 miracula,
1544 4230 1695 4288 attrahens
1711 4227 1808 4283 inore·

86 4310 183 4363 dulus
198 4308 236 4362 ad
255 4308 302 4363 ilai
319 4308 528 4378 cognitionem.
543 4306 596 4374 oni
612 4313 710 4362 autem
727 4323 784 4362 non
802 4311 847 4362 est
862 4304 1029 4360 crediturus
1042 4304 1078 4360 lis
1091 4320 1155 4376 qne
1166 4320 1183 4360 a
1194 4304 1374 4362 medicanda
1386 4303 1576 4360 suntriarom
1592 4314 1633 4358 esi
1648 4317 1714 4357 euin
1727 4297 1808 4355 neiis

85 4379 218 4452 quidem
235 4379 352 4434 credere
367 4385 505 4462 tanquam
520 4378 598 4434 reris
613 4394 676 4447 qua
694 4394 745 4449 per
759 4383 858 4435 Mosen
874 4381 904 4433 et
918 4375 1018 4433 Jeaum
1035 4380 1065 4431 et
1081 4375 1171 4430 etiarn
1187 4381 1216 4431 et
1236 4376 1369 4431 lllieeum
1393 4377 1470 4430 lacta
1488 4379 1569 4441 aunt,
1585 4373 1689 4428 habers
1708 4375 1807 4426 autem

93 4451 191 4507 etiam
209 4465 263 4521 pro
278 4449 386 4504 tabulis
395 4448 537 4506 miracula
546 4464 610 4519 qna
623 4452 697 4504 laeta
706 4455 775 4504 aunt
786 4447 1080 4516 asancliaapostolis.
1092 4446 1142 4502 Sin
1155 4452 1252 4502 autem
1262 4446 1313 4503 ilia
1323 4463 1387 4505 esse
1397 4463 1464 4503 rara
1476 4449 1611 4511 testatur,
1623 4444 1683 4499 hec
1693 4454 1809 4565 quoque

92 4522 203 4578 eredat
218 4535 285 4576 esse
298 4537 315 4576 a
329 4521 402 4576 laiso
417 4522 522 4577 aliana.
539 4524 608 4588 Quia
621 4520 698 4576 enim
715 4521 744 4576 in
760 4519 819 4575 illia
834 4524 951 4588 operate
961 4523 1005 4574 est
1020 4521 1122 4588 gratia.
1134 4535 1165 4573 eii
1183 4534 1234 4587 per
1247 4517 1313 4575 illos
1327 4535 1443 4590 quoque
1459 4517 1522 4572 tecit
1537 4532 1571 4570 aa
1584 4532 1648 4587 quia
1664 4513 1740 4570 lecit.
1778 4527 1809 4565 e-

91 4593 202 4649 rennis
216 4591 296 4647 enim
311 4598 402 4655 grstia
415 4597 445 4647 et
458 4592 568 4658 eosqui
585 4592 666 4662 digai
682 4597 751 4647 sunt
766 4591 887 4662 eligens,
903 4588 994 4646 veluti
1011 4604 1061 4659 per
1075 4589 1217 4660 quosdam
1229 4589 1368 4646 salientes
1379 4589 1456 4661 perh
1472 4606 1492 4642 s
1508 4587 1610 4641 alludit
1625 4590 1732 4642 fluenta
1746 4596 1806 4635 eure

88 4661 289 4731 operationis.
311 4662 402 4719 lixtis
421 4669 519 4719 autem
533 4678 597 4735 quai
613 4671 681 4719 anat
696 4663 830 4729 dicenda,
845 4663 909 4745 ipse
923 4660 1044 4732 quidem
1059 4660 1116 4715 vidi
1134 4661 1293 4726 nonnulle;
1309 4678 1374 4733 qiire
1389 4663 1486 4717 aulem
1502 4673 1560 4713 non
1576 4658 1647 4721 vidi,
1658 4651 1756 4711 audivi
1772 4651 1810 4706 ab

90 4734 219 4800 illisqui
229 4736 375 4799 viderunt,
385 4734 455 4790 viris
465 4735 580 4790 rimatis
590 4735 769 4800 amantibus,
780 4739 808 4788 et
818 4748 868 4803 qui
880 4732 962 4804 digni
972 4737 1043 4787 aurit
1054 4731 1143 4788 habili
1154 4736 1186 4787 nt
1196 4741 1221 4789 et
1233 4749 1283 4788 eos
1293 4733 1434 4800 viderent,
1444 4736 1580 4786 eteorum
1592 4726 1725 4783 doctrina
1735 4724 1810 4808 irpe-

93 4812 215 4862 mutor.
231 4805 406 4871 Euangeliou
425 4816 519 4863 sutem
537 4806 675 4862 doctrina
690 4809 848 4876 scriptores
862 4803 920 4858 ilde
934 4802 1016 4869 digni
1037 4819 1092 4857 non
1110 4803 1204 4859 solum
1221 4808 1289 4859 sunt
1304 4803 1457 4858 illattlisus
1472 4807 1501 4857 et
1513 4798 1653 4866 ioannes,
1668 4810 1766 4867 magni
1781 4796 1811 4850 et

90 4878 185 4948 primi
203 4877 233 4931 in
249 4876 447 4941 evangelistis,
458 4877 506 4946 qui
523 4875 639 4934 Domini
653 4878 753 4933 ridere
768 4875 921 4940 miracula,
932 4874 982 4930 sed
995 4873 1080 4929 etiam
1093 4874 1183 4930 Lucas
1194 4879 1223 4932 st
1234 4879 1361 4944 Marcus,
1372 4890 1447 4946 quas
1456 4871 1505 4944 qui
1518 4870 1554 4925 ah
1565 4869 1653 4927 initio
1662 4868 1809 4931 viderunt,

88 4955 120 5005 at
141 4948 265 5003 luerunt
282 4948 366 5005 Verbi
382 4948 521 5014 ministri,
536 4964 594 5004 non
611 4949 707 5004 solum
723 4964 787 5021 qne
803 4962 910 5018 passus
924 4950 980 5009 est,
995 4949 1024 5000 et
1039 4961 1103 5016 qua
1117 4945 1184 5001 lecit
1200 4947 1352 5013 llominus,
1368 4945 1417 5001 sed
1433 4960 1467 5000 eii
1480 4944 1569 4998 etiam
1586 4958 1651 5015 qua
1671 4942 1811 5011 perpetuo

90 5020 213 5081 docuit.
229 5025 363 5076 ercurste
376 5022 565 5077 edocuerunt.
582 5019 696 5076 ttonim
715 5034 781 5075 euin
798 5034 855 5075 non
876 5015 994 5073 vidisset
1008 5017 1070 5086 ipse
1087 5016 1188 5073 heatus
1204 5018 1308 5083 Lucas,
1325 5018 1353 5071 in
1371 5013 1515 5087 principio
1528 5015 1626 5084 operis
1644 5011 1716 5068 dicit
1730 5025 1763 5066 se
1777 5022 1812 5064 ea

94 5106 224 5147 carrara
238 5092 276 5146 da
290 5090 400 5163 quibus
414 5092 520 5149 certior
534 5091 627 5147 lactus
641 5096 695 5147 est.
716 5095 778 5147 lton
793 5104 863 5155 ergo
877 5089 932 5145 atsi
947 5088 1100 5144 audiamus
1121 5104 1188 5144 eum
1205 5106 1262 5145 non
1277 5088 1384 5143 vidisse
1405 5103 1440 5143 ea
1460 5101 1523 5158 que
1544 5089 1653 5151 narrat,
1669 5083 1718 5138 sed
1737 5081 1812 5162 hano

93 5162 267 5220 doctrinam
277 5163 427 5235 accepisse
436 5162 474 5220 ab
483 5162 561 5232 aliis,
573 5178 631 5219 non
643 5162 742 5218 minus
752 5162 779 5218 ei
788 5166 818 5218 at
827 5160 923 5217 lderoo
934 5162 1081 5217 oredimus
1093 5176 1179 5232 quain
1193 5160 1326 5217 llattheo
1336 5158 1491 5216 elioenai.
1503 5155 1629 5230 Uterque
1639 5154 1717 5211 enim
1728 5159 1811 5211 estin

128 5288 169 5357 tal
184 5284 274 5343 aluid
288 5303 365 5357 opus
379 5285 409 5344 in
424 5286 536 5344 Novum
552 5287 785 5353 Testamentum,
800 5283 906 5343 scierit
922 5285 1041 5343 nomine
1056 5285 1241 5352 insignitum.
1263 5285 1366 5358 prodiit
1382 5285 1505 5342 seorsim
1520 5284 1622 5341 Rome
1635 5293 1713 5336 anno
1730 5278 1812 5335 teas.
1859 5336 1867 5348 ‚

95 5362 125 5415 et
139 5362 222 5414 inter
235 5362 332 5415 sancti
352 5357 483 5428 Gregorii
499 5358 593 5427 Opera
607 5375 658 5415 an.
677 5359 755 5419 leui.
771 5373 805 5414 ac
824 5357 963 5441 deinceps
981 5358 1011 5413 ln
1032 5358 1122 5414 variis
1136 5358 1322 5427 Gregoriinis
1336 5356 1529 5414 Editionibns.
1548 5348 1815 5414 flailuoinstionem

93 5430 248 5486 ostanmri
263 5445 380 5493 samua,
397 5447 464 5486 enm
481 5430 627 5487 l‘atrrium
644 5431 793 5501 integrum
806 5434 834 5484 et
850 5442 1011 5494 genuinum
1028 5430 1105 5485 lnlra
1119 5428 1333 5487 exhibebimus.

128 5503 170 5568 (a)
185 5499 447 5557 inumbratam
464 5502 582 5558 Decreta
599 5501 784 5572 tlialogornm
799 5498 970 5556 testimonia
984 5506 1129 5572 quotquot
1147 5507 1335 5558 occurrerunt
1345 5499 1375 5556 io
1391 5500 1523 5571 margine
1540 5509 1653 5559 notare,
1669 5491 1751 5560 ΨΜ
1767 5508 1820 5548 ne-

93 5569 185 5644 gieait
199 5572 442 5642 bassenvillieua,
460 5572 544 5629 nobis
559 5588 636 5627 oure
653 5574 718 5629 lull.

127 5643 165 5713 (cl
183 5643 267 5715 ‚tpad
284 5642 493 5703 theodoritum
509 5642 628 5716 legitur,
643 5642 675 5699 τὸ
691 5643 867 5720 almarega,
884 5641 962 5715 quad
983 5640 1132 5716 significat
1146 5644 1363 5719 liooss'reripliiai,
1377 5641 1449 5705 sive,
1472 5652 1507 5702 ut
1531 5669 1546 5709 ι
1568 5642 1612 5708 ud
1633 5634 1832 5699 luitterelttss

95 5712 235 5783 bebatur,
250 5720 303 5775 aar
319 5732 398 5789 oper,
415 5730 475 5778 non
492 5729 563 5775 varo
582 5715 640 5775 hoa
652 5717 818 5791 corpoeis
840 5710 953 5773 ostem
972 5718 1104 5772 semrom
1124 5716 1299 5790 scriptarum
1320 5715 1405 5783 lacta,
1424 5710 1473 5767 blo
1488 5731 1546 5788 ani
1557 5707 1637 5789 alibi
1654 5719 1675 5757 ⁸
1686 5702 1840 5759 (mutti-

98 5782 238 5857 laudatis,
254 5802 307 5861 pra
320 5786 543 5865 ipae-spondere
558 5786 681 5846 minima
693 5786 839 5845 volumus.
