3908 6156
69 326 149 388 1293
371 325 651 392 uctsrottntttt
675 329 748 391 ute.
771 327 850 388 Xlll.
876 360 913 373 -
934 328 1079 389 [nutet.
1101 328 1153 389 vl.
1176 362 1214 374 -
1237 330 1359 391 arist.
1382 331 1472 392 XLV.
1691 333 1771 396 129AE

67 457 189 526 retinui,
203 463 228 513 et
245 457 325 529 quod
341 456 433 514 iratus
458 457 569 517 luerem
593 462 719 534 peperci.
745 459 892 530 Omnipo·
909 459 984 531 Alit
997 460 1097 515 Daisun
1116 477 1217 518 mensa
1237 464 1321 532 Aug,
1339 462 1440 518 indict.
1455 462 1483 518 d.
1505 463 1596 536 (locst.
1627 464 1702 521 ilinc.
1723 464 1776 523 tit.

69 554 136 604 tane
152 546 230 601 Dens
244 563 299 601 aua
313 562 363 602 vos
387 551 563 616 promotione
585 552 745 618 custodiat;
761 554 788 606 el
805 562 821 604 a
837 564 897 604 ma·
951 564 980 618 x,
994 565 1018 605 c.
1035 549 1081 606 et.

67 636 103 694 lis
119 636 259 694 onsnibus
273 635 311 709 (c)
325 636 419 709 gratie
433 640 571 695 continua
588 640 735 697 del‘endat.
1188 637 1231 712 (n)
1248 638 1423 696 ectstota
1446 639 1534 699 XLV.

336 743 505 800 ΕΡΙΒΤΟΙΛ
526 744 626 802 XLIV.
1341 744 1388 785 tetl

171 847 210 887 sn
228 845 362 888 toarensis
386 850 618 891 cannamomum
636 850 807 892 easscoruu.
1163 815 1385 873 (ἶᾸΡΙἸἮΙιΑΒΒ
1403 817 1556 875 PRIMUM·

69 940 140 1010 ουκ
157 937 265 994 clericis
280 938 338 994 auis
355 940 597 1013 obstupescentibus
612 940 894 1013 promisitecblbcol.
999 996 1004 1006 ,
1040 994 1046 1010 ,
1110 923 1152 962 *⁰
1184 921 1344 1010 ff'fflffl
1375 924 1613 1010 ¹3¹⁹.³⁸⁸f’⁸⁸¹.¹'
1701 1001 1706 1013 ,
1736 1002 1742 1014 ,

951 994 1022 1064 Quid
1036 1011 1065 1049 aa
1075 997 1216 1061 lonenses,
1227 997 1386 1051 llulnrstnns
1396 1013 1527 1068 sptscops,
1544 999 1776 1069 cuyusdcmsllsus

103 1045 264 1118 Gr²8⁰tl⁰⁸
280 1042 320 1116 (α)
335 1045 440 1103 J⁰li¹¹¹²i
457 1048 594 1121 09180090
611 1047 829 1105 Ρῦὓθΐῑῦῑῑᾶῦθ·
984 1069 1147 1139 presbyteri,
1162 1082 1268 1123 caenam
1282 1067 1415 1137 Stepbcni
1429 1071 1551 1140 episcopi
1568 1069 1664 1128 caesia
1679 1074 1776 1144 inqul-

103 1132 256 1205 lmplanda
270 1138 340 1189 sunt
359 1150 478 1207 semper
498 1135 711 1206 postulantium
739 1132 896 1206 desideria,
984 1137 1338 1195 rendamncstatucodum
1354 1142 1402 1196 sit.

67 1225 184 1299 quoties
199 1224 248 1280 illa
263 1230 425 1298 poscuntur
447 1241 546 1297 quaes
569 1227 680 1285 ratione
696 1242 753 1283 non
769 1224 894 1282 devient.
985 1227 1142 1300 Gregorius
1158 1226 1265 1284 loanni
1285 1228 1432 1285 defensori
1460 1229 1490 1286 in
1513 1230 1633 1289 nomine
1657 1232 1775 1291 Domini

67 1318 100 1371 cr
115 1313 182 1372 ideo
196 1314 267 1389 quia
280 1314 414 1386 quasdam
431 1315 569 1388 capitula,
585 1332 649 1389 que
664 1320 852 1373 servaturum
868 1319 896 1370 ts
952 1316 1034 1374 cunti
1049 1317 1079 1371 in
1096 1315 1276 1386 Hispaniam.

68 1403 185 1461 clericis
197 1405 257 1459 tuis
273 1405 442 1476 petentibus
459 1405 630 1474 promisisti,
644 1405 788 1463 nostrasb
803 1404 845 1460 eis
855 1404 894 1476 (b)
985 1406 1017 1462 ln
1034 1405 1138 1477 primis
1153 1404 1361 1477 requirendum
1377 1410 1423 1464 est
1437 1407 1472 1463 de
1485 1424 1609 1481 persona
1623 1410 1773 1485 presbyte-

68 1492 255 1567 postulemur
268 1493 439 1549 auctoritate
455 1492 585 1561 lirmara,
597 1494 803 1551 fraternitatem
813 1497 894 1549 tuem
949 1496 973 1552 ri
985 1496 1170 1553 dilectissimi
1189 1497 1288 1553 fratris
1302 1502 1331 1554 et
1344 1497 1506 1572 coepiscopi
1533 1501 1624 1557 nostri
1639 1499 1772 1559 ianuarii

67 1582 113 1640 bis
130 1583 283 1640 hortamur
294 1582 528 1655 affatibus,utee
542 1599 608 1656 ques
622 1584 777 1656 presentia
786 1584 896 1655 scripta
948 1585 1046 1657 (drot,
1058 1587 1087 1654 2,
1103 1602 1129 1658 q.
1143 1586 1168 1655 i,
1180 1585 1259 1657 c.7);
1275 1591 1303 1641 ct
1318 1586 1341 1642 si
1359 1587 1401 1643 ita
1415 1603 1446 1644 se
1460 1589 1566 1645 veritas
1583 1590 1680 1659 babet,
1696 1590 1774 1648 siout

66 1672 221 1730 continent
235 1672 299 1729 sins
313 1671 410 1745 eliqua
434 1672 536 1729 debeat
557 1673 751 1747 refragatione
765 1687 893 1730 servare.
947 1675 1080 1744 ejusdem
1096 1674 1225 1746 episcopi
1242 1675 1343 1747 petitio
1357 1678 1498 1744 eontinet,
1512 1677 1542 1733 in
1558 1677 1715 1736 Ecclesiam
1730 1686 1774 1737 at·

66 1760 212 1829 Primum,
226 1765 258 1819 ut
271 1763 307 1818 de
323 1762 610 1819 reditibusiicclesie
625 1768 758 1834 quartam
774 1761 804 1819 in
821 1762 892 1818 inte·
947 1763 1046 1836 quein
1063 1767 1160 1818 locum
1176 1777 1263 1819 suum
1280 1764 1375 1822 modis
1386 1765 1523 1823 omnibus
1533 1767 1610 1823 idem
1625 1769 1775 1842 presbyter

65 1867 118 1925 gro
134 1853 298 1924 portionem
313 1850 447 1908 ecclesis
459 1857 515 1908 tuse
530 1852 645 1909 clericis
660 1852 823 1909 secundum
835 1866 894 1909 me·
910 1826 933 1893 Β
949 1859 1106 1909 revocetur.
1124 1851 1153 1908 Si
1168 1856 1268 1908 eutem
1290 1852 1402 1909 dictum
1419 1855 1506 1911 tuerit
1525 1856 1595 1927 quia
1612 1862 1713 1913 contre
1728 1859 1773 1931 lp·

65 1942 169 2010 ntum,
193 1941 237 1998 vel
254 1941 395 2011 officium,
411 1942 472 1998 sive
494 1940 624 1999 laborem
648 1958 746 2012 snum,
772 1945 805 1998 ut
829 1940 894 2014 ipse
947 1957 1015 1999 sum
1030 1957 1118 1997 causa
1132 1941 1232 2012 aliqua
1244 1945 1321 1997 mota
1335 1941 1394 1997 sive
1408 1943 1529 2014 probata
1543 1949 1598 2014 est,
1614 1943 1772 2020 subtiliter,
1880 1958 1885 1965 ·

65 2030 306 2104 uuicuiquedare
317 2029 508 2102 prospexeris,
520 2031 586 2087 siue
600 2028 893 2104 atiqusprasberede·
947 2030 1011 2103 ipsu
1027 2038 1168 2103 presente
1181 2038 1209 2085 et
1237 2045 1289 2101 pro
1310 2045 1340 2086 se
1360 2029 1502 2087 rationem
1527 2031 1676 2102 reddente,
1693 2050 1772 2108 quas·

65 2120 137 2179 base
151 2119 299 2177 tarditate.
316 2119 356 2176 De
371 2119 427 2177 hoe
445 2137 511 2177 vero
525 2121 602 2192 quod
613 2136 648 2177 ex
663 2121 793 2178 tidelium
809 2119 891 2176 obla·
946 2121 1071 2179 rendum
1095 2123 1140 2176 est
1163 2122 1191 2177 et
1218 2135 1311 2190 genus
1334 2136 1442 2190 causa,
1458 2124 1487 2176 et
1504 2121 1608 2180 modus
1624 2124 1772 2196 probatio-

65 2211 147 2269 tioue
160 2211 328 2279 accesserit,
340 2216 476 2282 quartam
492 2217 603 2282 partem
616 2210 645 2267 ia
659 2209 773 2281 solidis,
784 2208 828 2265 sel
838 2207 894 2265 cel·
947 2210 1006 2279 nis,
1018 2214 1050 2265 ut
1065 2225 1099 2265 ex
1114 2209 1169 2266 hoo
1189 2212 1266 2265 recte
1284 2207 1420 2281 colligere
1439 2209 1537 2268 valeas
1560 2217 1658 2268 utrum
1673 2214 1771 2272 adbuc

64 2297 152 2369 lario,
169 2299 212 2356 eia
223 2300 307 2370 juxte
323 2298 478 2372 pristinam
494 2299 738 2356 consuetudinem
749 2301 819 2354 dara
834 2314 892 2355 non
947 2299 977 2356 in
992 2297 1093 2356 exsilio
1108 2298 1263 2365 demorari,
1280 2314 1317 2354 nu
1333 2307 1409 2354 certe
1424 2298 1455 2356 iu
1470 2298 1630 2357 Ecclesiam
1643 2317 1728 2360 suam
1742 2308 1771 2361 et

65 2387 195 2445 differas.
211 2387 334 2460 Reliqua
347 2393 441 2445 sutem
458 2387 558 2444 omnia
576 2387 696 2445 mobilia
711 2386 740 2443 in
756 2392 806 2443 tua
822 2386 891 2444 rati·
947 2388 1076 2446 cilicium
1092 2403 1180 2444 suum
1196 2386 1300 2443 debeat
1315 2387 1454 2444 revocari.

66 2494 140 2536 neas
155 2481 310 2550 potestate.
322 2476 484 2534 immobilia
498 2475 576 2533 enim
594 2477 802 2534 ecclesiasticis
817 2476 892 2533 redi·
983 2479 1021 2534 lis
1035 2476 1227 2551 suprascripti
1247 2493 1314 2533 vero
1339 2477 1468 2549 episcopi
1494 2493 1618 2549 persona
1643 2479 1697 2538 hoe
1711 2486 1770 2540 ala·

63 2563 891 2640 tibueaggregentur,utmultiplicataquantitste(olcis
945 2568 1087 2624 tuendum
1108 2570 1164 2634 ast,
1181 2569 1213 2622 ul
1240 2565 1264 2621 si
1289 2565 1370 2622 nulla
1394 2572 1495 2624 contra
1516 2583 1584 2624 eum
1608 2568 1771 2629 criminalis

65 2655 197 2716 risorem
218 2658 337 2712 luorum
350 2666 464 2728 quarta,
477 2654 535 2712 Deo
553 2654 707 2727 largiente,
724 2655 890 2727 proficiant.
945 2672 1046 2725 causa,
1063 2672 1128 2728 qua
1143 2654 1245 2713 easilin
1259 2656 1304 2711 vel
1320 2655 1504 2728 depositione
1519 2659 1608 2732 digna
1620 2665 1674 2728 est,
1691 2667 1771 2720 mota

100 2744 143 2818 (d)
166 2743 357 2802 'l'sbutarium
382 2748 480 2800 autem
504 2759 562 2799 una
582 2759 650 2801 cum
672 2759 820 2800 consensu
844 2758 890 2798 ss·
946 2746 1006 2802 siae
1022 2744 1143 2818 probata
1170 2749 1226 2813 eat,
1250 2745 1349 2816 isqui
1377 2761 1412 2803 eo
1435 2752 1593 2818 superstite
1617 2750 1772 2825 episcopus

66 2835 184 2892 nicrum
198 2842 226 2891 et
239 2831 308 2890 cleri
324 2833 491 2890 memineris
514 2833 722 2902 ordinandum,
742 2831 791 2903 qui
806 2829 891 2889 annis
947 2850 1078 2906 perverse
1092 2849 1126 2890 ao
1140 2838 1242 2890 contre
1257 2848 1384 2892 canones
1408 2833 1437 2890 in
1463 2835 1593 2894 Ecclesia
1606 2839 1670 2910 eius
1686 2841 1770 2897 ordi·

65 2922 194 2996 singulis
207 2922 243 2979 ad
258 2921 471 2995 amputandam
496 2921 607 2978 lraudis
632 2921 829 2994 suspicionem
844 2937 892 2977 so·
946 2924 1009 2981 nari
1037 2921 1234 2996 presumpsit,
1264 2924 1424 2980 sacerdotio
1457 2925 1597 2998 privatus,
1624 2928 1661 2986 ab
1689 2931 1770 2989 omui

65 3012 201 3070 lemnii&
214 3027 283 3070 ⁸⁰⁸⁸
298 3010 402 3069 ‘lebeti
417 3011 545 3068 Μῑίθῦθῦ
558 3026 709 3082 monere.
727 3007 891 3066 Vindemia·
946 3012 1143 3071 ecclesiastico
1167 3013 1328 3069 ministerio
1353 3014 1520 3086 repellatur.
1545 3015 1600 3081 Oui
1614 3017 1702 3074 etiam
1726 3019 1769 3077 ei·

66 3117 132 3158 rum
148 3105 246 3157 autem
261 3103 392 3171 tempore
406 3099 484 3157 idem
500 3099 596 3156 clerus
611 3098 725 3156 emendi
739 3099 839 3155 vinum
855 3097 891 3155 de
946 3101 1011 3160 dem
1027 3100 1220 3157 diiectissimo
1234 3100 1374 3158 ianuario
1391 3102 1471 3159 tratri
1486 3111 1513 3160 et
1527 3106 1698 3179 coepiscopo
1714 3124 1767 3165 no·

67 3189 304 3263 possessionibus
332 3188 467 3246 tinetasias
494 3192 551 3245 tuo
575 3189 612 3244 ad
633 3188 716 3260 justa
740 3188 842 3260 pretia,
858 3185 887 3243 in
909 3198 1006 3266 cetra
1021 3191 1176 3249 tradendus
1190 3199 1245 3257 est,
1270 3195 1303 3247 ut
1318 3197 1366 3246 aut
1382 3193 1417 3247 ab
1434 3191 1497 3264 ipso
1521 3192 1552 3249 in
1568 3196 1702 3253 custodis
1717 3197 1768 3253 ha·

67 3284 209 3354 quantum
224 3279 408 3337 vendendum
423 3283 478 3349 est,
502 3277 664 3336 remedium
685 3281 887 3347 consequatur.
943 3284 1056 3348 nostor,
1070 3285 1120 3336 aot
1139 3283 1216 3336 ccrte
1240 3281 1277 3335 ab
1296 3295 1329 3336 eo
1353 3280 1388 3336 ad
1413 3296 1467 3337 nos
1489 3298 1538 3353 per
1557 3283 1655 3339 omnia
1673 3290 1767 3343 trans·

66 3369 140 3427 Nam
155 3369 228 3426 salia
242 3373 344 3425 contra
358 3369 497 3426 rationem
519 3372 565 3424 ast
592 3371 624 3424 ul
638 3367 716 3441 quod
733 3371 826 3440 polest
840 3381 889 3420 0¹·
943 3373 1087 3429 mittatur.
1104 3369 1236 3441 Episcopi
1252 3385 1317 3426 vero
1336 3370 1470 3442 quicum
1486 3371 1702 3442 ordinaverunt,
1721 3374 1767 3432 vel

67 3457 180 3518 tranels
195 3458 365 3527 venundari,
381 3458 495 3516 clericis
516 3457 584 3514 dato
607 3459 697 3530 pretio
721 3458 889 3529 denegetur.
944 3458 1120 3517 ordinationi
1136 3459 1200 3528 elus
1215 3457 1431 3515 consentientes
1445 3458 1652 3532 interfuerunt,
1669 3463 1697 3518 in
1715 3480 1765 3521 sex

69 3547 273 3607 cornetanos
288 3547 440 3621 igitur,vel
455 3547 479 3604 si
495 3551 635 3620 quaeunt
649 3544 891 3605 eliaechesiaati·
946 3549 1092 3606 mensibus
1106 3545 1247 3604 dominici
1268 3547 1394 3618 corporis
1409 3552 1438 3603 et
1457 3549 1609 3620 sauguinis
1633 3567 1766 3610 commu·

68 3637 177 3711 coluri
193 3637 399 3711 competentia,
415 3637 492 3694 stab
514 3636 660 3693 extraneis
675 3635 804 3692 indebite
819 3633 892 3691 deti·
945 3638 1031 3694 nione
1047 3636 1161 3709 privati,
1181 3649 1264 3706 agere
1288 3635 1490 3707 penitentiam
1515 3638 1708 3699 decernentur
1737 3643 1779 3707 in,

69 3732 189 3794 nentur,
204 3742 272 3784 cum
296 3726 377 3783 omni
393 3726 488 3784 studio
506 3730 621 3783 serrata
633 3724 782 3792 civilitate,
798 3724 829 3780 iu
842 3723 893 3795 jus
946 3724 1134 3793 monasterio,
1149 3726 1179 3780 at
1190 3725 1407 3797 suprascriptus
1421 3723 1580 3784 lanuarius
1597 3727 1660 3801 loco
1674 3734 1703 3787 et
1718 3746 1768 3787 or-

71 3815 207 3875 bcciesias
221 3822 279 3873 tuas
296 3817 335 3888 (a)
350 3831 485 3889 reparare
507 3815 623 3884 festina,
640 3818 673 3870 ut
697 3813 848 3886 negligens
862 3812 894 3869 in
946 3816 1008 3873 dini
1023 3830 1078 3871 suo
1097 3812 1194 3870 modia
1205 3813 1342 3869 omnibus
1364 3813 1547 3874 relormstur.
1563 3816 1593 3873 Si
1609 3834 1676 3876 varo
1690 3835 1768 3878 com·

70 3904 173 3978 aliquo
187 3904 275 3962 rideri
299 3921 355 3962 nun
381 3905 488 3962 valeas.
512 3905 542 3961 Si
567 3904 638 3976 quid
661 3903 752 3975 igitur
770 3902 806 3959 de
822 3918 895 3975 quo·
948 3904 1087 3962 munione
1102 3901 1223 3974 privatis
1245 3901 1348 3958 mortis
1372 3903 1528 3976 eontigerit
1545 3904 1700 3965 imminere
1720 3924 1770 3982 pe·

70 4008 191 4068 cunque
206 3993 312 4052 clerice
335 3993 372 4051 ad
394 4009 480 4051 aures
508 3999 571 4051 tuas
595 3991 757 4066 pervenerit
775 3991 853 4065 quod
868 3999 896 4046 ts
948 3992 1086 4062 siculum,
1101 3989 1322 4047 benedictionis
1336 3990 1435 4048 viatici
1452 4009 1508 4051 non
1525 3998 1656 4068 negator.
1673 3996 1703 4054 st
1718 4013 1772 4054 su·

68 4083 152 4157 juste
168 4083 259 4155 possit
281 4083 428 4141 attendere
452 4083 538 4155 (drot.
558 4082 622 4139 dist.
649 4082 696 4151 86,
710 4098 735 4138 c.
758 4082 804 4152 25,
819 4096 895 4137 cous.
949 4088 1008 4140 tem
1023 4079 1152 4155 episcopi
1172 4078 1203 4135 in
1227 4079 1431 4152 prejudicium
1455 4083 1707 4143 condemnationis
1730 4086 1774 4144 vel

72 4175 119 4244 15,
135 4189 164 4247 q.
178 4173 208 4242 t,
223 4188 247 4230 c.
263 4174 302 4244 2),
315 4172 399 4230 taoile
414 4190 471 4230 non
488 4174 602 4244 credas,
617 4189 671 4229 neo
685 4172 722 4230 ad
739 4171 897 4228 vindictam
949 4169 1142 4246 depositionis
1166 4168 1321 4225 memorati
1350 4168 1479 4243 episcopi
1506 4189 1538 4229 se
1562 4181 1643 4230 metu
1663 4174 1776 4248 judicia

72 4270 101 4322 te
115 4264 316 4320 reaaocendat
332 4263 499 4336 incognita;
516 4263 567 4320 sed
588 4262 781 4336 presentibus
797 4261 897 4318 senio·
951 4261 1131 4319 consensisse
1144 4273 1177 4314 ac
1199 4256 1270 4313 talia
1294 4258 1396 4316 iecisse
1423 4277 1480 4317 nnn
1503 4277 1556 4318 aus
1580 4268 1682 4333 sponte
1704 4263 1777 4321 lassi

72 4351 305 4410 ribussscelesie
334 4356 390 4409 tue
415 4352 571 4426 diligenter
598 4355 643 4409 est
672 4350 776 4409 125⁰
794 4350 900 4406 veritas
951 4349 1070 4416 luerint,
1095 4353 1123 4404 st
1146 4351 1263 4418 tempus
1287 4348 1330 4402 eie
1355 4348 1582 4406 abbreviandum
1599 4355 1776 4417 eat,etmo·

73 4442 302 4517 psracrutsnda,
316 4447 345 4500 et
369 4449 440 4501 tuno
464 4442 489 4499 si
512 4443 638 4515 qualitas
662 4442 703 4499 rei
728 4439 899 4512 poposcerit,
953 4441 1009 4497 dus
1034 4435 1210 4513 pmuitentie
1229 4438 1448 4506 temperandus.
1467 4438 1496 4493 Si
1519 4454 1585 4494 vero
1606 4439 1655 4495 itle
1670 4440 1721 4511 qui
1736 4440 1778 4496 to·

72 4531 219 4592 cauouics
252 4529 395 4590 districtio
424 4530 540 4605 cuipam
570 4531 656 4589 feriat
691 4529 1021 4607 delinquentispcum
1035 4528 1101 4600 ejus
1118 4524 1227 4582 invasit
1240 4525 1276 4580 de
1302 4524 1354 4580 bac
1378 4525 1501 4584 tortasse
1523 4526 1587 4583 tuoe
1610 4528 1780 4600 migraverit

74 4620 144 4681 flacc
158 4623 257 4694 itaque
280 4621 380 4678 omnia
402 4621 445 4678 sio
469 4620 593 4678 sollicite
613 4636 646 4678 ae
671 4625 821 4677 mansueta
836 4622 900 4674 stu·
956 4618 1056 4677 1251
1083 4620 1112 4672 st
1126 4612 1200 4669 alter
1214 4620 1258 4670 ast
1277 4613 1438 4680 ordinatus,
1454 4615 1520 4686 quia
1533 4615 1623 4674 levior
1637 4616 1722 4691 culpa
1737 4617 1780 4675 ri·

75 4710 119 4770 dii
133 4710 177 4768 tnt
192 4709 233 4767 sit
246 4709 404 4781 custodire,
418 4715 565 4784 quatenus
580 4725 633 4767 nec
647 4714 679 4766 tu
695 4708 901 4783 promissionis
957 4711 1053 4774 detur,
1069 4719 1136 4761 cum
1153 4717 1210 4758 οοο
1227 4703 1312 4774 quasi
1326 4701 1373 4759 isti
1388 4704 1549 4776 superstiti,
1564 4708 1613 4763 ssd
1624 4707 1782 4765 successis-

75 4803 135 4857 tuae
148 4798 275 4856 ridearis
287 4798 445 4856 immemor
460 4799 616 4869 exstitisse,
634 4815 685 4856 nee
702 4797 743 4854 illi
755 4803 859 4854 contra
874 4800 902 4852 te
958 4813 989 4855 se
1003 4794 1141 4850 defuncto
1155 4789 1299 4859 videatur,
1324 4792 1510 4865 episcopatus
1535 4792 1576 4850 illi
1593 4794 1722 4851 cilicium
1747 4797 1782 4854 ab

72 4890 188 4963 iustam
203 4888 388 4946 occasionem
403 4888 533 4947 invenire
548 4889 663 4946 valeant
687 4884 901 4944 murmurandi.
959 4886 1009 4945 tila
1020 4882 1147 4941 bicclcsia
1161 4882 1364 4938 tantummodo
1375 4883 1568 4940 interdicatur
1579 4888 1611 4941 ut
1621 4886 1718 4943 inslia
1731 4890 1785 4945 Bc·

115 5012 153 5086 (cl
172 5012 202 5068 ln
219 5012 363 5077 volgatis.
379 5016 473 5087 pretio
490 5014 619 5071 occiduo.
960 5013 1059 5068 ventos
1073 5005 1158 5074 tuerit
1172 5002 1278 5061 bodens
1300 5009 1458 5077 propriam,
1473 5024 1529 5064 soa
1543 5008 1590 5066 illi
1611 5013 1742 5082 permitto
1755 5021 1788 5071 ast

117 5082 309 5141 sarmitttv
327 5086 386 5157 [Al.
409 5085 469 5160 ⁵¹l·
483 5116 518 5128 —
532 5089 571 5159 (a)
587 5089 619 5145 la
645 5100 703 5143 uno
718 5099 752 5141 ax
767 5082 906 5151 colosis,
961 5083 1025 5138 inde
1038 5079 1125 5146 {aciat
1141 5082 1344 5149 testamentum,
1360 5079 1405 5135 ssd
1428 5079 1525 5137 dedolo
1549 5086 1788 5143 comestabulo

81 5156 245 5213 lusiniano
260 5161 401 5216 decenam
415 5173 550 5230 episeopo.
960 5151 1137 5211 clericorum·

117 5229 158 5297 (b)
173 5225 302 5299 Vulgati,
317 5229 507 5299 postuletur...
547 5230 646 5285 rotari.
997 5225 1032 5296 (a)
1047 5219 1319 5302 tiendoaelaulgatb
1334 5237 1505 5305 praepnrors.

119 5299 156 5367 (cl
172 5299 215 5355 ita
230 5302 415 5357 restituimus
443 5317 477 5358 ex
536 5319 575 5356 ss.
601 5300 705 5363 Vatis..
732 5299 812 5365 iles,
826 5296 907 5353 Gnlb.
998 5297 1032 5366 (l)
1047 5294 1111 5348 Hoec
1127 5292 1255 5345 nullutn
1272 5293 1429 5349 (lodicibus
1444 5293 1579 5365 legimus.
1597 5303 1790 5373 preterquam

82 5372 116 5428 ln
132 5370 219 5425 tbsrb.
232 5378 329 5426 tamen
346 5372 460 5445 legitur,
476 5370 786 5443 quortae...proficioat.
802 5369 834 5424 In
849 5371 909 5435 ed.,
963 5369 992 5423 in
1003 5367 1119 5420 duobus
1130 5362 1325 5428 Cotbert.,ubi
1335 5367 1493 5421 obscurum
1505 5378 1550 5424 est
1561 5375 1659 5425 utrnrn
1672 5374 1706 5425 ast
1722 5390 1793 5444 pre·
1909 5416 1912 5421 .

81 5439 252 5498 merorum
276 5448 385 5500 luorum
408 5444 504 5500 ssibus
532 5445 586 5501 oen
616 5442 799 5514 torotense...
823 5440 909 5513 profi·
964 5433 1255 5505 senteniapistolam,
1273 5452 1309 5491 an
1327 5439 1362 5490 ad
1380 5446 1549 5509 sequentem
1569 5446 1741 5512 pertineant.

80 5514 169 5570 finos,
1002 5511 1094 5565 Emer.
1112 5502 1184 5584 XbV
1208 5503 1262 5576 [st.
1278 5507 1336 5579 52].
1355 5538 1389 5550 -
1403 5512 1442 5579 (ο)
1460 5510 1523 5567 tiae
1538 5514 1663 5580 epistola
1679 5513 1794 5568 inveni·

118 5584 160 5656 td)
175 5583 206 5639 ld
218 5587 275 5649 est,
290 5585 522 5657 dispensatorem
534 5596 642 5660 quartas
657 5585 750 5658 pertis
763 5584 910 5640 redituum
965 5591 1012 5637 tur
1027 5582 1055 5634 in
1078 5576 1219 5633 omnibus
1245 5574 1347 5641 vute..
1370 5585 1479 5644 ttorm„
1504 5586 1630 5653 Angtic„
1654 5585 1794 5650 Gutture,

80 5656 221 5713 Ecclesia
244 5666 332 5729 atque
354 5660 546 5715 oblationum.
564 5660 615 5715 ibo
634 5659 747 5715 clericis
764 5658 912 5728 portiones
965 5648 1219 5732 Teller.,·'l'uron.‚
1244 5647 1415 5732 Rbrmrna..
1441 5653 1524 5709 Cisrb.
1542 5654 1571 5710 in
1588 5659 1720 5727 quinqua
1736 5658 1793 5708 Va-

82 5727 519 5801 distribuebetjuataipaorum
535 5733 716 5788 matriculam
734 5744 800 5800 quas
813 5730 913 5786 tabula
965 5727 1014 5781 tir.
1043 5723 1150 5794 legitur
1179 5734 1188 5776 r
1212 5726 1370 5792 cepstaturs
1388 5725 1460 5793 quad
1481 5726 1682 5782 observandam
1709 5728 1749 5782 ast
1777 5738 1796 5780 ο

79 5800 251 5860 dlesbetsr.
274 5804 469 5874 Augustinus,
497 5818 588 5861 serm.
615 5802 693 5861 wi:
718 5801 848 5875 Qutaqss's
868 5802 913 5857 is·
966 5802 1075 5857 tonnae
1088 5794 1326 5866 defensosorem
1340 5797 1372 5850 to
1386 5795 1561 5869 titapoatoos.
