<?xml version="1.0" encoding="UTF-8"?>
<!DOCTYPE html PUBLIC "-//W3C//DTD XHTML 1.0 Transitional//EN"
    "http://www.w3.org/TR/xhtml1/DTD/xhtml1-transitional.dtd">
<html xmlns="http://www.w3.org/1999/xhtml" xml:lang="en" lang="en">
 <head>
  <title>
</title>
<meta http-equiv="Content-Type" content="text/html;charset=utf-8" />
  <meta name='ocr-system' content='tesseract 3.04.00' />
  <meta name='ocr-capabilities' content='ocr_page ocr_carea ocr_par ocr_line ocrx_word'/>
</head>
<body>
  <div class='ocr_page' id='page_1' title='image "./patrologiaecurs06goog/patrologiaecurs06goog_0267.png"; bbox 0 0 3908 6156; ppageno 0'>
   <div class='ocr_carea' id='block_1_1' title="bbox 127 309 1833 382">
    <p class='ocr_par' dir='ltr' id='par_1_1' title="bbox 127 309 1833 382">
     <span class='ocr_line' id='line_1_1' title="bbox 127 309 1833 382; baseline 0.007 -12"><span class='ocrx_word' id='word_1_1' title='bbox 127 309 180 370; x_wconf 77' lang='grc'>589</span> <span class='ocrx_word' id='word_1_2' title='bbox 445 310 729 374; x_wconf 80' lang='lat' dir='ltr'>EPISTULARUM</span> <span class='ocrx_word' id='word_1_3' title='bbox 750 315 826 374; x_wconf 82' lang='lat' dir='ltr'>LIB.</span> <span class='ocrx_word' id='word_1_4' title='bbox 850 312 888 373; x_wconf 93' lang='lat' dir='ltr'>Il.</span> <span class='ocrx_word' id='word_1_5' title='bbox 913 348 952 359; x_wconf 95' lang='lat'>-</span> <span class='ocrx_word' id='word_1_6' title='bbox 972 312 1116 374; x_wconf 76' lang='lat' dir='ltr'>ttthler.</span> <span class='ocrx_word' id='word_1_7' title='bbox 1139 312 1175 372; x_wconf 88' lang='lat' dir='ltr'>X.</span> <span class='ocrx_word' id='word_1_8' title='bbox 1201 343 1238 357; x_wconf 92' lang='lat'><em>-</em></span> <span class='ocrx_word' id='word_1_9' title='bbox 1260 312 1384 374; x_wconf 71' lang='lat' dir='ltr'>setes.</span> <span class='ocrx_word' id='word_1_10' title='bbox 1408 312 1512 375; x_wconf 84' lang='lat' dir='ltr'>Xth.</span> <span class='ocrx_word' id='word_1_11' title='bbox 1773 318 1833 382; x_wconf 75' lang='grc'>590</span> 
     </span>
    </p>
   </div>
   <div class='ocr_carea' id='block_1_2' title="bbox 72 443 1887 4002">
    <p class='ocr_par' dir='ltr' id='par_1_2' title="bbox 72 443 1887 4002">
     <span class='ocr_line' id='line_1_2' title="bbox 123 443 1836 523; baseline 0.005 -22"><span class='ocrx_word' id='word_1_12' title='bbox 123 450 187 501; x_wconf 89' lang='lat' dir='ltr'>runt</span> <span class='ocrx_word' id='word_1_13' title='bbox 199 446 237 516; x_wconf 81' lang='lat' dir='ltr'>(c)</span> <span class='ocrx_word' id='word_1_14' title='bbox 249 443 388 501; x_wconf 74' lang='lat' dir='ltr'>Ecclesiae</span> <span class='ocrx_word' id='word_1_15' title='bbox 408 446 598 501; x_wconf 82' lang='lat' dir='ltr'>Pudentinnm</span> <span class='ocrx_word' id='word_1_16' title='bbox 621 448 797 504; x_wconf 86' lang='lat' dir='ltr'>diacones-in</span> <span class='ocrx_word' id='word_1_17' title='bbox 813 448 949 503; x_wconf 75' lang='lat' dir='ltr'><strong>Numidia</strong></span> <span class='ocrx_word' id='word_1_18' title='bbox 964 451 991 516; x_wconf 73' lang='grc' dir='ltr'>Α</span> <span class='ocrx_word' id='word_1_19' title='bbox 1009 464 1113 502; x_wconf 92' lang='lat' dir='ltr'>norum</span> <span class='ocrx_word' id='word_1_20' title='bbox 1128 450 1273 516; x_wconf 86' lang='lat' dir='ltr'>pastorum</span> <span class='ocrx_word' id='word_1_21' title='bbox 1291 446 1452 503; x_wconf 88' lang='lat' dir='ltr'>imitatione</span> <span class='ocrx_word' id='word_1_22' title='bbox 1462 449 1650 516; x_wconf 89' lang='lat' dir='ltr'>succendere,</span> <span class='ocrx_word' id='word_1_23' title='bbox 1663 451 1711 523; x_wconf 90' lang='lat' dir='ltr'>qui</span> <span class='ocrx_word' id='word_1_24' title='bbox 1723 452 1836 509; x_wconf 88' lang='lat' dir='ltr'>hiema-</span> 
     </span>
     <span class='ocr_line' id='line_1_3' title="bbox 121 535 1834 615; baseline 0.005 -26"><span class='ocrx_word' id='word_1_25' title='bbox 121 535 454 608; x_wconf 80' lang='lat' dir='ltr'>provioeiaconstitutae,</span> <span class='ocrx_word' id='word_1_26' title='bbox 463 535 807 607; x_wconf 79' lang='lat' dir='ltr'>Maximianumejusdem</span> <span class='ocrx_word' id='word_1_27' title='bbox 819 538 952 594; x_wconf 81' lang='lat' dir='ltr'>scelesta</span> <span class='ocrx_word' id='word_1_28' title='bbox 1008 538 1165 604; x_wconf 80' lang='lat' dir='ltr'>losbarros,</span> <span class='ocrx_word' id='word_1_29' title='bbox 1175 536 1317 592; x_wconf 79' lang='lat' dir='ltr'>imbribus</span> <span class='ocrx_word' id='word_1_30' title='bbox 1329 537 1453 608; x_wconf 86' lang='lat' dir='ltr'>geluque</span> <span class='ocrx_word' id='word_1_31' title='bbox 1464 538 1621 605; x_wconf 73' lang='lat' dir='ltr'>constricti,</span> <span class='ocrx_word' id='word_1_32' title='bbox 1637 541 1747 596; x_wconf 91' lang='lat' dir='ltr'>ducunt</span> <span class='ocrx_word' id='word_1_33' title='bbox 1758 559 1834 615; x_wconf 82' lang='lat' dir='ltr'>sape</span> 
     </span>
     <span class='ocr_line' id='line_1_4' title="bbox 120 624 1833 701; baseline 0.002 -18"><span class='ocrx_word' id='word_1_34' title='bbox 120 626 281 683; x_wconf 74' lang='lat' dir='ltr'>antistitem</span> <span class='ocrx_word' id='word_1_35' title='bbox 294 627 325 682; x_wconf 90' lang='lat' dir='ltr'>in</span> <span class='ocrx_word' id='word_1_36' title='bbox 335 624 397 681; x_wconf 90' lang='lat' dir='ltr'>loco</span> <span class='ocrx_word' id='word_1_37' title='bbox 409 641 466 697; x_wconf 91' lang='lat' dir='ltr'>quo</span> <span class='ocrx_word' id='word_1_38' title='bbox 481 625 574 699; x_wconf 91' lang='lat' dir='ltr'>degit,</span> <span class='ocrx_word' id='word_1_39' title='bbox 586 633 753 700; x_wconf 88' lang='lat' dir='ltr'>corruptum</span> <span class='ocrx_word' id='word_1_40' title='bbox 768 628 885 701; x_wconf 81' lang='lat' dir='ltr'>premio</span> <span class='ocrx_word' id='word_1_41' title='bbox 901 633 954 684; x_wconf 91' lang='lat' dir='ltr'>Do·</span> <span class='ocrx_word' id='word_1_42' title='bbox 1008 624 1171 698; x_wconf 75' lang='lat' dir='ltr'>pervigiles,</span> <span class='ocrx_word' id='word_1_43' title='bbox 1184 642 1220 681; x_wconf 90' lang='lat' dir='ltr'>ue</span> <span class='ocrx_word' id='word_1_44' title='bbox 1234 626 1277 681; x_wconf 86' lang='lat' dir='ltr'>vel</span> <span class='ocrx_word' id='word_1_45' title='bbox 1289 626 1429 692; x_wconf 88' lang='lat' dir='ltr'>unaovie,</span> <span class='ocrx_word' id='word_1_46' title='bbox 1441 631 1469 682; x_wconf 92' lang='lat' dir='ltr'>at</span> <span class='ocrx_word' id='word_1_47' title='bbox 1481 643 1539 682; x_wconf 91' lang='lat' dir='ltr'>non</span> <span class='ocrx_word' id='word_1_48' title='bbox 1550 628 1622 684; x_wconf 82' lang='lat' dir='ltr'>torte</span> <span class='ocrx_word' id='word_1_49' title='bbox 1633 628 1714 686; x_wconf 90' lang='lat' dir='ltr'>utilis</span> <span class='ocrx_word' id='word_1_50' title='bbox 1724 637 1833 700; x_wconf 89' lang='lat' dir='ltr'>pereat.</span> 
     </span>
     <span class='ocr_line' id='line_1_5' title="bbox 119 714 1833 792; baseline 0.004 -20"><span class='ocrx_word' id='word_1_51' title='bbox 119 714 308 786; x_wconf 76' lang='lat' dir='ltr'>artistarum,</span> <span class='ocrx_word' id='word_1_52' title='bbox 321 717 492 787; x_wconf 87' lang='lat' dir='ltr'>episcopum</span> <span class='ocrx_word' id='word_1_53' title='bbox 502 715 543 787; x_wconf 77' lang='lat' dir='ltr'>(d)</span> <span class='ocrx_word' id='word_1_54' title='bbox 554 732 628 772; x_wconf 86' lang='lat' dir='ltr'>nova</span> <span class='ocrx_word' id='word_1_55' title='bbox 639 715 757 772; x_wconf 86' lang='lat' dir='ltr'>licentia</span> <span class='ocrx_word' id='word_1_56' title='bbox 773 717 833 772; x_wconf 82' lang='lat' dir='ltr'>deri</span> <span class='ocrx_word' id='word_1_57' title='bbox 847 716 952 788; x_wconf 88' lang='lat' dir='ltr'>permi-</span> <span class='ocrx_word' id='word_1_58' title='bbox 1008 716 1099 780; x_wconf 84' lang='lat' dir='ltr'>Quam</span> <span class='ocrx_word' id='word_1_59' title='bbox 1111 716 1134 770; x_wconf 90' lang='lat' dir='ltr'>si</span> <span class='ocrx_word' id='word_1_60' title='bbox 1146 715 1356 771; x_wconf 70' lang='lat' dir='ltr'>insidiatorum</span> <span class='ocrx_word' id='word_1_61' title='bbox 1365 716 1461 772; x_wconf 90' lang='lat' dir='ltr'>voraci</span> <span class='ocrx_word' id='word_1_62' title='bbox 1474 718 1676 789; x_wconf 84' lang='lat' dir='ltr'>momorderit,</span> <span class='ocrx_word' id='word_1_63' title='bbox 1686 724 1833 792; x_wconf 91' lang='lat' dir='ltr'>quomodo</span> 
     </span>
     <span class='ocr_line' id='line_1_6' title="bbox 118 803 1832 882; baseline 0.005 -22"><span class='ocrx_word' id='word_1_64' title='bbox 118 805 200 872; x_wconf 89' lang='lat' dir='ltr'>sisse,</span> <span class='ocrx_word' id='word_1_65' title='bbox 214 820 286 860; x_wconf 90' lang='lat' dir='ltr'>oum</span> <span class='ocrx_word' id='word_1_66' title='bbox 298 803 354 860; x_wconf 91' lang='lat' dir='ltr'>etsi</span> <span class='ocrx_word' id='word_1_67' title='bbox 374 803 429 860; x_wconf 91' lang='lat' dir='ltr'>hoc</span> <span class='ocrx_word' id='word_1_68' title='bbox 445 805 574 860; x_wconf 90' lang='lat' dir='ltr'>anterior</span> <span class='ocrx_word' id='word_1_69' title='bbox 591 821 660 860; x_wconf 89' lang='lat' dir='ltr'>usus</span> <span class='ocrx_word' id='word_1_70' title='bbox 680 805 869 877; x_wconf 87' lang='lat' dir='ltr'>permitteret.</span> <span class='ocrx_word' id='word_1_71' title='bbox 888 822 952 861; x_wconf 89' lang='lat' dir='ltr'>ma·</span> <span class='ocrx_word' id='word_1_72' title='bbox 1007 808 1155 878; x_wconf 89' lang='lat' dir='ltr'>satagunt,</span> <span class='ocrx_word' id='word_1_73' title='bbox 1175 805 1281 877; x_wconf 92' lang='lat' dir='ltr'>quibus</span> <span class='ocrx_word' id='word_1_74' title='bbox 1297 806 1392 861; x_wconf 89' lang='lat' dir='ltr'>cordis</span> <span class='ocrx_word' id='word_1_75' title='bbox 1408 805 1548 863; x_wconf 89' lang='lat' dir='ltr'>anhelant</span> <span class='ocrx_word' id='word_1_76' title='bbox 1571 808 1699 875; x_wconf 81' lang='lat' dir='ltr'>metibus,</span> <span class='ocrx_word' id='word_1_77' title='bbox 1715 809 1743 865; x_wconf 91' lang='lat' dir='ltr'>in</span> <span class='ocrx_word' id='word_1_78' title='bbox 1757 826 1832 882; x_wconf 89' lang='lat' dir='ltr'>quas</span> 
     </span>
     <span class='ocr_line' id='line_1_7' title="bbox 118 892 1834 969; baseline 0.004 -20"><span class='ocrx_word' id='word_1_79' title='bbox 118 910 182 949; x_wconf 93' lang='lat' dir='ltr'>nere</span> <span class='ocrx_word' id='word_1_80' title='bbox 195 898 288 966; x_wconf 87' lang='lat' dir='ltr'>atque</span> <span class='ocrx_word' id='word_1_81' title='bbox 306 893 461 966; x_wconf 87' lang='lat' dir='ltr'>persistere</span> <span class='ocrx_word' id='word_1_82' title='bbox 474 893 546 949; x_wconf 86' lang='lat' dir='ltr'>tides</span> <span class='ocrx_word' id='word_1_83' title='bbox 562 892 706 950; x_wconf 87' lang='lat' dir='ltr'>catholica</span> <span class='ocrx_word' id='word_1_84' title='bbox 723 894 896 964; x_wconf 88' lang='lat' dir='ltr'>prohiberet.</span> <span class='ocrx_word' id='word_1_85' title='bbox 909 893 951 950; x_wconf 91' lang='lat' dir='ltr'>Oh</span> <span class='ocrx_word' id='word_1_86' title='bbox 1006 910 1091 951; x_wconf 87' lang='lat' dir='ltr'>voces</span> <span class='ocrx_word' id='word_1_87' title='bbox 1107 903 1137 949; x_wconf 91' lang='lat' dir='ltr'>ut</span> <span class='ocrx_word' id='word_1_88' title='bbox 1152 899 1255 950; x_wconf 86' lang='lat' dir='ltr'>eruant</span> <span class='ocrx_word' id='word_1_89' title='bbox 1270 902 1389 966; x_wconf 87' lang='lat' dir='ltr'>captum</span> <span class='ocrx_word' id='word_1_90' title='bbox 1406 911 1496 967; x_wconf 90' lang='lat' dir='ltr'>pecus</span> <span class='ocrx_word' id='word_1_91' title='bbox 1512 898 1650 969; x_wconf 87' lang='lat' dir='ltr'>angustia</span> <span class='ocrx_word' id='word_1_92' title='bbox 1664 898 1834 957; x_wconf 77' lang='lat' dir='ltr'>stimulante</span> 
     </span>
     <span class='ocr_line' id='line_1_8' title="bbox 117 981 1834 1060; baseline 0.004 -21"><span class='ocrx_word' id='word_1_93' title='bbox 117 981 558 1056; x_wconf 85' lang='lat' dir='ltr'>hocergoiraternitatemtuam</span> <span class='ocrx_word' id='word_1_94' title='bbox 569 983 686 1056; x_wconf 89' lang='lat' dir='ltr'>scriptis</span> <span class='ocrx_word' id='word_1_95' title='bbox 700 984 951 1056; x_wconf 80' lang='lat' dir='ltr'>presentibusne·</span> <span class='ocrx_word' id='word_1_96' title='bbox 1007 982 1173 1056; x_wconf 90' lang='lat' dir='ltr'>prosiliunt,</span> <span class='ocrx_word' id='word_1_97' title='bbox 1189 999 1225 1038; x_wconf 90' lang='lat' dir='ltr'>ne</span> <span class='ocrx_word' id='word_1_98' title='bbox 1239 999 1256 1038; x_wconf 88' lang='lat' dir='ltr'>a</span> <span class='ocrx_word' id='word_1_99' title='bbox 1271 983 1366 1055; x_wconf 84' lang='lat' dir='ltr'>gregis</span> <span class='ocrx_word' id='word_1_100' title='bbox 1381 983 1505 1040; x_wconf 86' lang='lat' dir='ltr'>Domino</span> <span class='ocrx_word' id='word_1_101' title='bbox 1521 987 1668 1057; x_wconf 91' lang='lat' dir='ltr'>quidquid</span> <span class='ocrx_word' id='word_1_102' title='bbox 1683 1003 1735 1060; x_wconf 91' lang='lat' dir='ltr'>per</span> <span class='ocrx_word' id='word_1_103' title='bbox 1750 988 1834 1046; x_wconf 89' lang='lat' dir='ltr'>incu-</span> 
     </span>
     <span class='ocr_line' id='line_1_9' title="bbox 114 1071 1833 1149; baseline 0.003 -20"><span class='ocrx_word' id='word_1_104' title='bbox 114 1071 241 1129; x_wconf 85' lang='lat' dir='ltr'>csssario</span> <span class='ocrx_word' id='word_1_105' title='bbox 255 1071 401 1128; x_wconf 89' lang='lat' dir='ltr'>duximus</span> <span class='ocrx_word' id='word_1_106' title='bbox 416 1072 494 1128; x_wconf 74' lang='lat' dir='ltr'>m</span> <span class='ocrx_word' id='word_1_107' title='bbox 525 1072 753 1138; x_wconf 80' lang='lat' dir='ltr'>adhortandam,</span> <span class='ocrx_word' id='word_1_108' title='bbox 770 1077 803 1128; x_wconf 89' lang='lat' dir='ltr'>ut</span> <span class='ocrx_word' id='word_1_109' title='bbox 817 1072 951 1129; x_wconf 88' lang='lat' dir='ltr'>veniente</span> <span class='ocrx_word' id='word_1_110' title='bbox 1006 1072 1079 1128; x_wconf 88' lang='lat' dir='ltr'>riam</span> <span class='ocrx_word' id='word_1_111' title='bbox 1093 1072 1269 1143; x_wconf 75' lang='lat' dir='ltr'>perdiderint</span> <span class='ocrx_word' id='word_1_112' title='bbox 1286 1072 1439 1144; x_wconf 77' lang='lat' dir='ltr'>exigatur?</span> <span class='ocrx_word' id='word_1_113' title='bbox 1450 1073 1613 1145; x_wconf 85' lang='lat' dir='ltr'>vigilemus</span> <span class='ocrx_word' id='word_1_114' title='bbox 1624 1091 1693 1148; x_wconf 88' lang='lat' dir='ltr'>ergo</span> <span class='ocrx_word' id='word_1_115' title='bbox 1709 1079 1833 1149; x_wconf 90' lang='lat' dir='ltr'>nequid</span> 
     </span>
     <span class='ocr_line' id='line_1_10' title="bbox 114 1159 1832 1235; baseline 0.002 -17"><span class='ocrx_word' id='word_1_116' title='bbox 114 1161 181 1218; x_wconf 89' lang='lat' dir='ltr'>adte</span> <span class='ocrx_word' id='word_1_117' title='bbox 191 1162 232 1233; x_wconf 82' lang='grc' dir='ltr'>(ε)</span> <span class='ocrx_word' id='word_1_118' title='bbox 242 1160 341 1217; x_wconf 88' lang='lat' dir='ltr'>llilaro</span> <span class='ocrx_word' id='word_1_119' title='bbox 348 1159 525 1217; x_wconf 89' lang='lat' dir='ltr'>chartulario</span> <span class='ocrx_word' id='word_1_120' title='bbox 537 1165 647 1229; x_wconf 88' lang='lat' dir='ltr'>nostro,</span> <span class='ocrx_word' id='word_1_121' title='bbox 657 1162 785 1218; x_wconf 90' lang='lat' dir='ltr'>adunato</span> <span class='ocrx_word' id='word_1_122' title='bbox 796 1163 831 1234; x_wconf 71' lang='lat' dir='ltr'>(l)</span> <span class='ocrx_word' id='word_1_123' title='bbox 841 1163 951 1234; x_wconf 91' lang='lat' dir='ltr'>episco-</span> <span class='ocrx_word' id='word_1_124' title='bbox 1006 1170 1102 1235; x_wconf 85' lang='lat' dir='ltr'>parcet</span> <span class='ocrx_word' id='word_1_125' title='bbox 1113 1179 1120 1229; x_wconf 90' lang='lat'>;</span> <span class='ocrx_word' id='word_1_126' title='bbox 1130 1165 1158 1217; x_wconf 89' lang='lat' dir='ltr'>et</span> <span class='ocrx_word' id='word_1_127' title='bbox 1173 1161 1198 1216; x_wconf 91' lang='lat' dir='ltr'>si</span> <span class='ocrx_word' id='word_1_128' title='bbox 1213 1165 1332 1232; x_wconf 90' lang='lat' dir='ltr'>captum</span> <span class='ocrx_word' id='word_1_129' title='bbox 1348 1161 1421 1216; x_wconf 84' lang='lat' dir='ltr'>forte</span> <span class='ocrx_word' id='word_1_130' title='bbox 1432 1161 1501 1232; x_wconf 91' lang='lat' dir='ltr'>quid</span> <span class='ocrx_word' id='word_1_131' title='bbox 1515 1162 1611 1231; x_wconf 82' lang='lat' dir='ltr'>luerit,</span> <span class='ocrx_word' id='word_1_132' title='bbox 1623 1163 1741 1221; x_wconf 87' lang='lat' dir='ltr'>vocibus</span> <span class='ocrx_word' id='word_1_133' title='bbox 1752 1165 1832 1222; x_wconf 88' lang='lat' dir='ltr'>divi·</span> 
     </span>
     <span class='ocr_line' id='line_1_11' title="bbox 114 1249 1830 1324; baseline 0.005 -18"><span class='ocrx_word' id='word_1_134' title='bbox 114 1266 220 1322; x_wconf 88' lang='lat' dir='ltr'>porum</span> <span class='ocrx_word' id='word_1_135' title='bbox 233 1249 396 1306; x_wconf 86' lang='lat' dir='ltr'>universali</span> <span class='ocrx_word' id='word_1_136' title='bbox 408 1249 545 1316; x_wconf 87' lang='lat' dir='ltr'>coneilio,</span> <span class='ocrx_word' id='word_1_137' title='bbox 559 1249 658 1306; x_wconf 90' lang='lat' dir='ltr'>habito</span> <span class='ocrx_word' id='word_1_138' title='bbox 668 1268 725 1324; x_wconf 79' lang='lat' dir='ltr'>pre</span> <span class='ocrx_word' id='word_1_139' title='bbox 737 1250 829 1307; x_wconf 86' lang='lat' dir='ltr'>oculis</span> <span class='ocrx_word' id='word_1_140' title='bbox 841 1256 950 1307; x_wconf 90' lang='lat' dir='ltr'>terrore</span> <span class='ocrx_word' id='word_1_141' title='bbox 1006 1267 1110 1308; x_wconf 92' lang='lat' dir='ltr'>norum</span> <span class='ocrx_word' id='word_1_142' title='bbox 1125 1251 1306 1322; x_wconf 89' lang='lat' dir='ltr'>eloquiorum</span> <span class='ocrx_word' id='word_1_143' title='bbox 1324 1250 1359 1306; x_wconf 90' lang='lat' dir='ltr'>ad</span> <span class='ocrx_word' id='word_1_144' title='bbox 1376 1266 1494 1324; x_wconf 81' lang='lat' dir='ltr'>gregem</span> <span class='ocrx_word' id='word_1_145' title='bbox 1510 1252 1692 1309; x_wconf 90' lang='lat' dir='ltr'>dominicum</span> <span class='ocrx_word' id='word_1_146' title='bbox 1708 1257 1830 1315; x_wconf 87' lang='lat' dir='ltr'>reduca-</span> 
     </span>
     <span class='ocr_line' id='line_1_12' title="bbox 113 1338 1831 1415; baseline 0.005 -20"><span class='ocrx_word' id='word_1_147' title='bbox 113 1339 353 1410; x_wconf 78' lang='lat' dir='ltr'>reniurijodicii,</span> <span class='ocrx_word' id='word_1_148' title='bbox 366 1339 565 1409; x_wconf 84' lang='lat' dir='ltr'>causaeadem</span> <span class='ocrx_word' id='word_1_149' title='bbox 579 1338 722 1396; x_wconf 90' lang='lat' dir='ltr'>subtiliac</span> <span class='ocrx_word' id='word_1_150' title='bbox 734 1340 833 1396; x_wconf 87' lang='lat' dir='ltr'>solerti</span> <span class='ocrx_word' id='word_1_151' title='bbox 845 1340 950 1396; x_wconf 86' lang='lat' dir='ltr'>debeat</span> <span class='ocrx_word' id='word_1_152' title='bbox 1005 1355 1082 1409; x_wconf 89' lang='lat' dir='ltr'>mus,</span> <span class='ocrx_word' id='word_1_153' title='bbox 1101 1345 1132 1395; x_wconf 91' lang='lat' dir='ltr'>ut</span> <span class='ocrx_word' id='word_1_154' title='bbox 1151 1340 1200 1396; x_wconf 90' lang='lat' dir='ltr'>ille</span> <span class='ocrx_word' id='word_1_155' title='bbox 1214 1339 1264 1413; x_wconf 92' lang='lat' dir='ltr'>qui</span> <span class='ocrx_word' id='word_1_156' title='bbox 1280 1340 1381 1396; x_wconf 85' lang='lat' dir='ltr'>Pastor</span> <span class='ocrx_word' id='word_1_157' title='bbox 1396 1345 1546 1412; x_wconf 87' lang='lat' dir='ltr'>pastorum</span> <span class='ocrx_word' id='word_1_158' title='bbox 1562 1346 1606 1398; x_wconf 82' lang='lat' dir='ltr'>est</span> <span class='ocrx_word' id='word_1_159' title='bbox 1628 1343 1764 1415; x_wconf 81' lang='lat' dir='ltr'>vigilasse</span> <span class='ocrx_word' id='word_1_160' title='bbox 1779 1360 1831 1404; x_wconf 88' lang='lat' dir='ltr'>nos</span> 
     </span>
     <span class='ocr_line' id='line_1_13' title="bbox 113 1427 1833 1505; baseline 0.005 -20"><span class='ocrx_word' id='word_1_161' title='bbox 113 1428 306 1500; x_wconf 83' lang='lat' dir='ltr'>indagatione</span> <span class='ocrx_word' id='word_1_162' title='bbox 321 1427 458 1501; x_wconf 87' lang='lat' dir='ltr'>perquiri.</span> <span class='ocrx_word' id='word_1_163' title='bbox 471 1428 506 1483; x_wconf 82' lang='lat' dir='ltr'>Et</span> <span class='ocrx_word' id='word_1_164' title='bbox 521 1428 546 1484; x_wconf 86' lang='lat' dir='ltr'>si</span> <span class='ocrx_word' id='word_1_165' title='bbox 559 1429 720 1500; x_wconf 87' lang='lat' dir='ltr'>capitulum</span> <span class='ocrx_word' id='word_1_166' title='bbox 731 1429 786 1484; x_wconf 90' lang='lat' dir='ltr'>hoc</span> <span class='ocrx_word' id='word_1_167' title='bbox 798 1447 815 1485; x_wconf 95' lang='lat' dir='ltr'>a</span> <span class='ocrx_word' id='word_1_168' title='bbox 827 1445 950 1501; x_wconf 83' lang='lat' dir='ltr'>proesen-</span> <span class='ocrx_word' id='word_1_169' title='bbox 1005 1429 1083 1486; x_wconf 87' lang='lat' dir='ltr'>circa</span> <span class='ocrx_word' id='word_1_170' title='bbox 1098 1429 1173 1486; x_wconf 88' lang='lat' dir='ltr'>ovile</span> <span class='ocrx_word' id='word_1_171' title='bbox 1184 1446 1272 1486; x_wconf 91' lang='lat' dir='ltr'>suum</span> <span class='ocrx_word' id='word_1_172' title='bbox 1295 1446 1348 1485; x_wconf 89' lang='lat' dir='ltr'>suo</span> <span class='ocrx_word' id='word_1_173' title='bbox 1373 1429 1541 1487; x_wconf 83' lang='lat' dir='ltr'>misericors</span> <span class='ocrx_word' id='word_1_174' title='bbox 1566 1432 1704 1503; x_wconf 88' lang='lat' dir='ltr'>dignatur</span> <span class='ocrx_word' id='word_1_175' title='bbox 1722 1435 1833 1505; x_wconf 79' lang='lat' dir='ltr'>judicic</span> 
     </span>
     <span class='ocr_line' id='line_1_14' title="bbox 112 1517 1829 1592; baseline 0.005 -18"><span class='ocrx_word' id='word_1_176' title='bbox 112 1517 488 1590; x_wconf 80' lang='lat' dir='ltr'>tiumlatoribusproedicto</span> <span class='ocrx_word' id='word_1_177' title='bbox 501 1517 948 1588; x_wconf 88' lang='lat' dir='ltr'>episcopodocumentisidoneis</span> <span class='ocrx_word' id='word_1_178' title='bbox 1004 1520 1204 1591; x_wconf 89' lang='lat' dir='ltr'>comprobare.</span> <span class='ocrx_word' id='word_1_179' title='bbox 1216 1519 1275 1576; x_wconf 82' lang='lat' dir='ltr'>lina</span> <span class='ocrx_word' id='word_1_180' title='bbox 1291 1535 1408 1592; x_wconf 91' lang='lat' dir='ltr'>quoque</span> <span class='ocrx_word' id='word_1_181' title='bbox 1429 1536 1480 1576; x_wconf 88' lang='lat' dir='ltr'>vos</span> <span class='ocrx_word' id='word_1_182' title='bbox 1505 1536 1624 1577; x_wconf 89' lang='lat' dir='ltr'>necesse</span> <span class='ocrx_word' id='word_1_183' title='bbox 1648 1527 1693 1578; x_wconf 89' lang='lat' dir='ltr'>est</span> <span class='ocrx_word' id='word_1_184' title='bbox 1708 1523 1829 1582; x_wconf 84' lang='lat' dir='ltr'>solerter</span> 
     </span>
     <span class='ocr_line' id='line_1_15' title="bbox 112 1606 1832 1682; baseline 0.002 -18"><span class='ocrx_word' id='word_1_185' title='bbox 112 1609 202 1664; x_wconf 88' lang='lat' dir='ltr'>luerit</span> <span class='ocrx_word' id='word_1_186' title='bbox 216 1608 425 1680; x_wconf 88' lang='lat' dir='ltr'>approbatum,</span> <span class='ocrx_word' id='word_1_187' title='bbox 438 1624 453 1663; x_wconf 89' lang='lat' dir='ltr'>a</span> <span class='ocrx_word' id='word_1_188' title='bbox 465 1607 607 1681; x_wconf 87' lang='lat' dir='ltr'>dignitate</span> <span class='ocrx_word' id='word_1_189' title='bbox 617 1607 771 1680; x_wconf 76' lang='lat' dir='ltr'>officioque</span> <span class='ocrx_word' id='word_1_190' title='bbox 782 1624 839 1679; x_wconf 93' lang='lat' dir='ltr'>quo</span> <span class='ocrx_word' id='word_1_191' title='bbox 854 1608 950 1681; x_wconf 86' lang='lat' dir='ltr'>iungi·</span> <span class='ocrx_word' id='word_1_192' title='bbox 1003 1610 1161 1675; x_wconf 89' lang='lat' dir='ltr'>attendere,</span> <span class='ocrx_word' id='word_1_193' title='bbox 1179 1612 1209 1664; x_wconf 91' lang='lat' dir='ltr'>ut</span> <span class='ocrx_word' id='word_1_194' title='bbox 1220 1606 1245 1664; x_wconf 89' lang='lat' dir='ltr'>si</span> <span class='ocrx_word' id='word_1_195' title='bbox 1256 1623 1314 1680; x_wconf 91' lang='lat' dir='ltr'>qua</span> <span class='ocrx_word' id='word_1_196' title='bbox 1325 1617 1426 1664; x_wconf 89' lang='lat' dir='ltr'>contra</span> <span class='ocrx_word' id='word_1_197' title='bbox 1438 1608 1542 1665; x_wconf 86' lang='lat' dir='ltr'>letorss</span> <span class='ocrx_word' id='word_1_198' title='bbox 1554 1609 1745 1681; x_wconf 72' lang='lat' dir='ltr'>presentium</span> <span class='ocrx_word' id='word_1_199' title='bbox 1755 1612 1832 1682; x_wconf 87' lang='lat' dir='ltr'>ejus·</span> 
     </span>
     <span class='ocr_line' id='line_1_16' title="bbox 114 1696 1832 1770; baseline 0.002 -17"><span class='ocrx_word' id='word_1_200' title='bbox 114 1696 949 1770; x_wconf 73' lang='lat' dir='ltr'>turmodisomnihnslp)degradetur,utetilteadpoeni-</span> <span class='ocrx_word' id='word_1_201' title='bbox 1003 1696 1832 1770; x_wconf 86' lang='lat' dir='ltr'>demepiscopirectaiucritpstitlo,subtilidebeatiuda·</span> 
     </span>
     <span class='ocr_line' id='line_1_17' title="bbox 113 1784 1830 1861; baseline 0.003 -19"><span class='ocrx_word' id='word_1_202' title='bbox 113 1786 211 1842; x_wconf 78' lang='lat' dir='ltr'>mette</span> <span class='ocrx_word' id='word_1_203' title='bbox 228 1785 312 1842; x_wconf 88' lang='lat' dir='ltr'>lucra</span> <span class='ocrx_word' id='word_1_204' title='bbox 322 1802 374 1858; x_wconf 92' lang='lat' dir='ltr'>per</span> <span class='ocrx_word' id='word_1_205' title='bbox 385 1786 567 1857; x_wconf 87' lang='lat' dir='ltr'>agnitionem</span> <span class='ocrx_word' id='word_1_206' title='bbox 580 1784 678 1842; x_wconf 86' lang='lat' dir='ltr'>delicti</span> <span class='ocrx_word' id='word_1_207' title='bbox 690 1786 799 1853; x_wconf 89' lang='lat' dir='ltr'>redeat,</span> <span class='ocrx_word' id='word_1_208' title='bbox 811 1792 840 1842; x_wconf 90' lang='lat' dir='ltr'>et</span> <span class='ocrx_word' id='word_1_209' title='bbox 851 1787 946 1843; x_wconf 80' lang='lat' dir='ltr'>ceteri</span> <span class='ocrx_word' id='word_1_210' title='bbox 1002 1787 1118 1860; x_wconf 89' lang='lat' dir='ltr'>gatione</span> <span class='ocrx_word' id='word_1_211' title='bbox 1134 1786 1260 1859; x_wconf 88' lang='lat' dir='ltr'>perquiri</span> <span class='ocrx_word' id='word_1_212' title='bbox 1273 1807 1281 1854; x_wconf 90' lang='lat'>;</span> <span class='ocrx_word' id='word_1_213' title='bbox 1296 1788 1361 1843; x_wconf 90' lang='lat' dir='ltr'>etsi</span> <span class='ocrx_word' id='word_1_214' title='bbox 1379 1788 1501 1844; x_wconf 80' lang='lat' dir='ltr'>tortasse</span> <span class='ocrx_word' id='word_1_215' title='bbox 1509 1786 1565 1859; x_wconf 90' lang='lat' dir='ltr'>ipsi</span> <span class='ocrx_word' id='word_1_216' title='bbox 1581 1804 1697 1861; x_wconf 90' lang='lat' dir='ltr'>quoque</span> <span class='ocrx_word' id='word_1_217' title='bbox 1708 1805 1760 1860; x_wconf 91' lang='lat' dir='ltr'>pro</span> <span class='ocrx_word' id='word_1_218' title='bbox 1775 1806 1830 1847; x_wconf 89' lang='lat' dir='ltr'>aas</span> 
     </span>
     <span class='ocr_line' id='line_1_18' title="bbox 115 1874 1829 1950; baseline 0.002 -16"><span class='ocrx_word' id='word_1_219' title='bbox 115 1879 228 1934; x_wconf 82' lang='lat' dir='ltr'>lentare</span> <span class='ocrx_word' id='word_1_220' title='bbox 241 1874 310 1932; x_wconf 89' lang='lat' dir='ltr'>talia</span> <span class='ocrx_word' id='word_1_221' title='bbox 327 1892 385 1931; x_wconf 91' lang='lat' dir='ltr'>non</span> <span class='ocrx_word' id='word_1_222' title='bbox 402 1883 586 1948; x_wconf 81' lang='lat' dir='ltr'>presumant.</span> <span class='ocrx_word' id='word_1_223' title='bbox 613 1875 736 1947; x_wconf 83' lang='lat' dir='ltr'>AEquum</span> <span class='ocrx_word' id='word_1_224' title='bbox 760 1877 837 1933; x_wconf 90' lang='lat' dir='ltr'>enim</span> <span class='ocrx_word' id='word_1_225' title='bbox 854 1881 899 1933; x_wconf 90' lang='lat' dir='ltr'>est</span> <span class='ocrx_word' id='word_1_226' title='bbox 914 1881 946 1933; x_wconf 91' lang='lat' dir='ltr'>ut</span> <span class='ocrx_word' id='word_1_227' title='bbox 1001 1876 1084 1949; x_wconf 87' lang='lat' dir='ltr'>culpa</span> <span class='ocrx_word' id='word_1_228' title='bbox 1095 1877 1162 1947; x_wconf 88' lang='lat' dir='ltr'>jure</span> <span class='ocrx_word' id='word_1_229' title='bbox 1178 1876 1299 1932; x_wconf 79' lang='lat' dir='ltr'>feriendi</span> <span class='ocrx_word' id='word_1_230' title='bbox 1315 1881 1394 1943; x_wconf 90' lang='lat' dir='ltr'>sunt,</span> <span class='ocrx_word' id='word_1_231' title='bbox 1412 1877 1454 1933; x_wconf 89' lang='lat' dir='ltr'>eis</span> <span class='ocrx_word' id='word_1_232' title='bbox 1471 1893 1522 1949; x_wconf 92' lang='lat' dir='ltr'>pro</span> <span class='ocrx_word' id='word_1_233' title='bbox 1548 1893 1581 1934; x_wconf 89' lang='lat' dir='ltr'>eo</span> <span class='ocrx_word' id='word_1_234' title='bbox 1607 1878 1685 1950; x_wconf 91' lang='lat' dir='ltr'>quod</span> <span class='ocrx_word' id='word_1_235' title='bbox 1698 1880 1775 1936; x_wconf 71' lang='lat'>012</span> <span class='ocrx_word' id='word_1_236' title='bbox 1792 1880 1829 1937; x_wconf 89' lang='lat' dir='ltr'>ad</span> 
     </span>
     <span class='ocr_line' id='line_1_19' title="bbox 117 1965 1830 2041; baseline 0.001 -19"><span class='ocrx_word' id='word_1_237' title='bbox 117 1965 275 2038; x_wconf 86' lang='lat' dir='ltr'>qniJeaum</span> <span class='ocrx_word' id='word_1_238' title='bbox 287 1965 434 2021; x_wconf 87' lang='lat' dir='ltr'>christum</span> <span class='ocrx_word' id='word_1_239' title='bbox 449 1965 603 2022; x_wconf 82' lang='lat' dir='ltr'>Dourinum</span> <span class='ocrx_word' id='word_1_240' title='bbox 614 1965 889 2022; x_wconf 81' lang='lat' dir='ltr'>nostrumharetico</span> <span class='ocrx_word' id='word_1_241' title='bbox 901 1982 946 2023; x_wconf 88' lang='lat' dir='ltr'>ac·</span> <span class='ocrx_word' id='word_1_242' title='bbox 1000 1981 1053 2021; x_wconf 91' lang='lat' dir='ltr'>nos</span> <span class='ocrx_word' id='word_1_243' title='bbox 1067 1965 1180 2036; x_wconf 82' lang='lat' dir='ltr'>fatigati</span> <span class='ocrx_word' id='word_1_244' title='bbox 1188 1969 1267 2032; x_wconf 91' lang='lat' dir='ltr'>aunt,</span> <span class='ocrx_word' id='word_1_245' title='bbox 1279 1965 1310 2036; x_wconf 89' lang='lat' dir='ltr'>(l)</span> <span class='ocrx_word' id='word_1_246' title='bbox 1326 1980 1510 2037; x_wconf 90' lang='lat' dir='ltr'>nequaquam</span> <span class='ocrx_word' id='word_1_247' title='bbox 1522 1980 1675 2022; x_wconf 86' lang='lat' dir='ltr'>censemus</span> <span class='ocrx_word' id='word_1_248' title='bbox 1686 1980 1750 2023; x_wconf 87' lang='lat' dir='ltr'>esse</span> <span class='ocrx_word' id='word_1_249' title='bbox 1760 1984 1830 2041; x_wconf 90' lang='lat' dir='ltr'>par·</span> 
     </span>
     <span class='ocr_line' id='line_1_20' title="bbox 118 2053 1789 2128; baseline 0 -17"><span class='ocrx_word' id='word_1_250' title='bbox 118 2060 200 2127; x_wconf 85' lang='lat' dir='ltr'>septa</span> <span class='ocrx_word' id='word_1_251' title='bbox 210 2054 333 2126; x_wconf 85' lang='lat' dir='ltr'>pecunia</span> <span class='ocrx_word' id='word_1_252' title='bbox 343 2055 385 2126; x_wconf 79' lang='lat' dir='ltr'>(ir)</span> <span class='ocrx_word' id='word_1_253' title='bbox 395 2055 583 2120; x_wconf 82' lang='lat' dir='ltr'>venundedit,</span> <span class='ocrx_word' id='word_1_254' title='bbox 594 2053 732 2125; x_wconf 85' lang='lat' dir='ltr'>utlertur,</span> <span class='ocrx_word' id='word_1_255' title='bbox 743 2053 781 2111; x_wconf 91' lang='lat' dir='ltr'>ab</span> <span class='ocrx_word' id='word_1_256' title='bbox 791 2055 856 2126; x_wconf 82' lang='lat' dir='ltr'>ejus</span> <span class='ocrx_word' id='word_1_257' title='bbox 870 2056 946 2112; x_wconf 85' lang='lat' dir='ltr'>sidc-</span> <span class='ocrx_word' id='word_1_258' title='bbox 1000 2056 1136 2112; x_wconf 74' lang='lat' dir='ltr'>cendum.</span> <span class='ocrx_word' id='word_1_259' title='bbox 1153 2055 1203 2128; x_wconf 84' lang='lat' dir='ltr'>(m)</span> <span class='ocrx_word' id='word_1_260' title='bbox 1219 2055 1318 2110; x_wconf 89' lang='lat' dir='ltr'>Manae</span> <span class='ocrx_word' id='word_1_261' title='bbox 1334 2054 1469 2127; x_wconf 80' lang='lat' dir='ltr'>Augusti,</span> <span class='ocrx_word' id='word_1_262' title='bbox 1490 2054 1649 2112; x_wconf 88' lang='lat' dir='ltr'>indictione</span> <span class='ocrx_word' id='word_1_263' title='bbox 1665 2056 1789 2114; x_wconf 88' lang='lat' dir='ltr'>decima.</span> 
     </span>
     <span class='ocr_line' id='line_1_21' title="bbox 119 2143 1556 2217; baseline -0.002 -17"><span class='ocrx_word' id='word_1_264' title='bbox 119 2143 183 2200; x_wconf 87' lang='lat' dir='ltr'>licet</span> <span class='ocrx_word' id='word_1_265' title='bbox 197 2144 381 2200; x_wconf 87' lang='lat' dir='ltr'>sacrosancti</span> <span class='ocrx_word' id='word_1_266' title='bbox 402 2143 532 2214; x_wconf 88' lang='lat' dir='ltr'>corporis</span> <span class='ocrx_word' id='word_1_267' title='bbox 556 2160 589 2199; x_wconf 89' lang='lat' dir='ltr'>ac</span> <span class='ocrx_word' id='word_1_268' title='bbox 611 2143 766 2217; x_wconf 90' lang='lat' dir='ltr'>sanguinis</span> <span class='ocrx_word' id='word_1_269' title='bbox 789 2145 945 2202; x_wconf 82' lang='lat' dir='ltr'>tractandis</span> <span class='ocrx_word' id='word_1_270' title='bbox 1268 2143 1440 2200; x_wconf 73' lang='lat' dir='ltr'>aristosa</span> <span class='ocrx_word' id='word_1_271' title='bbox 1460 2143 1556 2198; x_wconf 82' lang='lat' dir='ltr'>XLIX.</span> 
     </span>
     <span class='ocr_line' id='line_1_22' title="bbox 120 2232 1663 2306; baseline 0.001 -17"><span class='ocrx_word' id='word_1_272' title='bbox 120 2235 266 2306; x_wconf 74' lang='lat' dir='ltr'>mysteriis</span> <span class='ocrx_word' id='word_1_273' title='bbox 277 2232 496 2289; x_wconf 88' lang='lat' dir='ltr'>submoveatur.</span> <span class='ocrx_word' id='word_1_274' title='bbox 509 2232 540 2287; x_wconf 86' lang='lat' dir='ltr'>Si</span> <span class='ocrx_word' id='word_1_275' title='bbox 551 2249 609 2304; x_wconf 89' lang='lat' dir='ltr'>qua</span> <span class='ocrx_word' id='word_1_276' title='bbox 619 2238 714 2288; x_wconf 89' lang='lat' dir='ltr'>sutem</span> <span class='ocrx_word' id='word_1_277' title='bbox 723 2233 855 2290; x_wconf 89' lang='lat' dir='ltr'>intereos</span> <span class='ocrx_word' id='word_1_278' title='bbox 866 2239 945 2291; x_wconf 89' lang='lat' dir='ltr'>extra</span> <span class='ocrx_word' id='word_1_279' title='bbox 1160 2242 1196 2282; x_wconf 78' lang='grc' dir='ltr'>Αῐ)</span> <span class='ocrx_word' id='word_1_280' title='bbox 1219 2240 1381 2280; x_wconf 72' lang='lat' dir='ltr'>JANUtRIUM</span> <span class='ocrx_word' id='word_1_281' title='bbox 1400 2239 1663 2280; x_wconf 81' lang='lat' dir='ltr'>sacnsrrrscoeurs.</span> 
     </span>
     <span class='ocr_line' id='line_1_23' title="bbox 120 2303 1887 2395; baseline -0.001 -17"><span class='ocrx_word' id='word_1_282' title='bbox 120 2323 225 2379; x_wconf 70' lang='lat' dir='ltr'>odmen</span> <span class='ocrx_word' id='word_1_283' title='bbox 241 2322 296 2378; x_wconf 88' lang='lat' dir='ltr'>hoo</span> <span class='ocrx_word' id='word_1_284' title='bbox 307 2322 481 2378; x_wconf 82' lang='lat' dir='ltr'>damnorum</span> <span class='ocrx_word' id='word_1_285' title='bbox 497 2323 691 2394; x_wconf 90' lang='lat' dir='ltr'>quorumdam</span> <span class='ocrx_word' id='word_1_286' title='bbox 706 2322 751 2378; x_wconf 83' lang='lat' dir='ltr'>vel</span> <span class='ocrx_word' id='word_1_287' title='bbox 764 2323 942 2395; x_wconf 88' lang='lat' dir='ltr'>privatorum</span> <span class='ocrx_word' id='word_1_288' title='bbox 997 2306 1107 2390; x_wconf 55' lang='grc' dir='ltr'>Ᾰῑῑάῐῑξ*</span> <span class='ocrx_word' id='word_1_289' title='bbox 1116 2305 1149 2361; x_wconf 62' lang='lat' dir='ltr'>di</span> <span class='ocrx_word' id='word_1_290' title='bbox 1161 2304 1438 2390; x_wconf 54' lang='lat' dir='ltr'>&#39;inituri&#39;iil&#39;f‘wlm</span> <span class='ocrx_word' id='word_1_291' title='bbox 1461 2303 1592 2390; x_wconf 49' lang='lat' dir='ltr'>timisi·</span> <span class='ocrx_word' id='word_1_292' title='bbox 1611 2306 1743 2362; x_wconf 61' lang='lat' dir='ltr'>lilium</span> <span class='ocrx_word' id='word_1_293' title='bbox 1766 2322 1816 2363; x_wconf 68' lang='lat' dir='ltr'>tw·</span> <span class='ocrx_word' id='word_1_294' title='bbox 1884 2310 1887 2317; x_wconf 74' lang='grc'><strong>’</strong></span> 
     </span>
     <span class='ocr_line' id='line_1_24' title="bbox 72 2376 1817 2505; baseline 0.002 -37"><span class='ocrx_word' id='word_1_295' title='bbox 72 2450 74 2461; x_wconf 82' lang='grc'>.</span> <span class='ocrx_word' id='word_1_296' title='bbox 122 2410 942 2486; x_wconf 72' lang='lat' dir='ltr'>negotiorumsicutipetitiodiaconorumipsorumcon-</span> <span class='ocrx_word' id='word_1_297' title='bbox 1032 2376 1817 2505; x_wconf 46' lang='lat' dir='ltr'>mmdmufnqml’ssrm“dfff‘dwnjmwm-”maz&#39;fi}</span> 
     </span>
     <span class='ocr_line' id='line_1_25' title="bbox 119 2451 1818 2594; baseline 0.012 -39"><span class='ocrx_word' id='word_1_298' title='bbox 119 2499 195 2573; x_wconf 57' lang='lat' dir='ltr'>boet</span> <span class='ocrx_word' id='word_1_299' title='bbox 208 2506 345 2559; x_wconf 79' lang='lat' dir='ltr'>versatur</span> <span class='ocrx_word' id='word_1_300' title='bbox 359 2500 495 2571; x_wconf 89' lang='lat' dir='ltr'>intentio,</span> <span class='ocrx_word' id='word_1_301' title='bbox 520 2499 597 2557; x_wconf 88' lang='lat' dir='ltr'>hanc</span> <span class='ocrx_word' id='word_1_302' title='bbox 623 2505 673 2557; x_wconf 94' lang='lat' dir='ltr'>tua</span> <span class='ocrx_word' id='word_1_303' title='bbox 690 2502 857 2557; x_wconf 79' lang='lat' dir='ltr'>fraternitas</span> <span class='ocrx_word' id='word_1_304' title='bbox 874 2518 940 2558; x_wconf 89' lang='lat' dir='ltr'>cum</span> <span class='ocrx_word' id='word_1_305' title='bbox 1031 2451 1557 2590; x_wconf 42' lang='lat' dir='ltr'>ffissglffic‘r&#39;ffllgnmfsrregttig,tirrici</span> <span class='ocrx_word' id='word_1_306' title='bbox 1566 2465 1818 2594; x_wconf 44' lang='lat' dir='ltr'>gilfflgnilmqtrie</span> 
     </span>
     <span class='ocr_line' id='line_1_26' title="bbox 120 2589 1581 2663; baseline -0.001 -17"><span class='ocrx_word' id='word_1_307' title='bbox 120 2591 249 2662; x_wconf 80' lang='lat' dir='ltr'>predicto</span> <span class='ocrx_word' id='word_1_308' title='bbox 270 2589 448 2648; x_wconf 84' lang='lat' dir='ltr'>chartulario</span> <span class='ocrx_word' id='word_1_309' title='bbox 465 2599 564 2647; x_wconf 88' lang='lat' dir='ltr'>nostro</span> <span class='ocrx_word' id='word_1_310' title='bbox 581 2590 615 2663; x_wconf 87' lang='lat' dir='ltr'>(i)</span> <span class='ocrx_word' id='word_1_311' title='bbox 632 2590 753 2663; x_wconf 88' lang='lat' dir='ltr'>probata</span> <span class='ocrx_word' id='word_1_312' title='bbox 774 2591 941 2662; x_wconf 89' lang='lat' dir='ltr'>cognitione</span> <span class='ocrx_word' id='word_1_313' title='bbox 1031 2608 1126 2657; x_wconf 81' lang='lat' dir='ltr'>caeso,</span> <span class='ocrx_word' id='word_1_314' title='bbox 1140 2592 1276 2647; x_wconf 77' lang='lat' dir='ltr'>isidorum</span> <span class='ocrx_word' id='word_1_315' title='bbox 1292 2589 1581 2647; x_wconf 77' lang='lat' dir='ltr'>excommunicaverit.</span> 
     </span>
     <span class='ocr_line' id='line_1_27' title="bbox 120 2678 1818 2753; baseline 0.002 -17"><span class='ocrx_word' id='word_1_316' title='bbox 120 2682 273 2753; x_wconf 84' lang='lat' dir='ltr'>perquirat,</span> <span class='ocrx_word' id='word_1_317' title='bbox 285 2681 401 2736; x_wconf 86' lang='lat' dir='ltr'>etinter</span> <span class='ocrx_word' id='word_1_318' title='bbox 411 2687 566 2753; x_wconf 87' lang='lat' dir='ltr'>utramque</span> <span class='ocrx_word' id='word_1_319' title='bbox 577 2689 690 2753; x_wconf 89' lang='lat' dir='ltr'>partem</span> <span class='ocrx_word' id='word_1_320' title='bbox 698 2679 863 2751; x_wconf 58' lang='lat' dir='ltr'>justitiam)</span> <span class='ocrx_word' id='word_1_321' title='bbox 875 2696 941 2752; x_wconf 92' lang='lat' dir='ltr'>pro·</span> <span class='ocrx_word' id='word_1_322' title='bbox 1032 2680 1186 2751; x_wconf 83' lang='lat' dir='ltr'>Gregorius</span> <span class='ocrx_word' id='word_1_323' title='bbox 1200 2679 1334 2736; x_wconf 83' lang='lat' dir='ltr'>ianuario</span> <span class='ocrx_word' id='word_1_324' title='bbox 1356 2681 1394 2750; x_wconf 87' lang='lat' dir='ltr'>(o)</span> <span class='ocrx_word' id='word_1_325' title='bbox 1411 2678 1628 2752; x_wconf 88' lang='lat' dir='ltr'>archiepiscopo</span> <span class='ocrx_word' id='word_1_326' title='bbox 1643 2679 1818 2739; x_wconf 85' lang='lat' dir='ltr'>Caralitano.</span> 
     </span>
     <span class='ocr_line' id='line_1_28' title="bbox 122 2767 1821 2841; baseline 0.001 -15"><span class='ocrx_word' id='word_1_327' title='bbox 122 2772 232 2827; x_wconf 83' lang='lat' dir='ltr'>cedente</span> <span class='ocrx_word' id='word_1_328' title='bbox 248 2769 379 2825; x_wconf 85' lang='lat' dir='ltr'>definiat.</span> <span class='ocrx_word' id='word_1_329' title='bbox 1031 2770 1060 2827; x_wconf 87' lang='lat' dir='ltr'>Si</span> <span class='ocrx_word' id='word_1_330' title='bbox 1072 2767 1333 2841; x_wconf 87' lang='lat' dir='ltr'>sacerdotalaquod</span> <span class='ocrx_word' id='word_1_331' title='bbox 1349 2768 1729 2826; x_wconf 84' lang='lat' dir='ltr'>administramusoittaium</span> <span class='ocrx_word' id='word_1_332' title='bbox 1742 2786 1821 2828; x_wconf 90' lang='lat' dir='ltr'>men·</span> 
     </span>
     <span class='ocr_line' id='line_1_29' title="bbox 148 2856 1819 2932; baseline 0.001 -18"><span class='ocrx_word' id='word_1_333' title='bbox 148 2863 233 2917; x_wconf 80' lang='lat' dir='ltr'>Porro</span> <span class='ocrx_word' id='word_1_334' title='bbox 242 2864 343 2916; x_wconf 90' lang='lat' dir='ltr'>autem</span> <span class='ocrx_word' id='word_1_335' title='bbox 353 2858 541 2932; x_wconf 78' lang='lat' dir='ltr'>presentium</span> <span class='ocrx_word' id='word_1_336' title='bbox 553 2856 680 2914; x_wconf 87' lang='lat' dir='ltr'>latorum</span> <span class='ocrx_word' id='word_1_337' title='bbox 692 2857 890 2916; x_wconf 90' lang='lat' dir='ltr'>insinuatione</span> <span class='ocrx_word' id='word_1_338' title='bbox 898 2858 941 2915; x_wconf 87' lang='lat' dir='ltr'>di·</span> <span class='ocrx_word' id='word_1_339' title='bbox 994 2859 1032 2915; x_wconf 87' lang='lat' dir='ltr'>tis</span> <span class='ocrx_word' id='word_1_340' title='bbox 1048 2858 1210 2932; x_wconf 87' lang='lat' dir='ltr'>integritate</span> <span class='ocrx_word' id='word_1_341' title='bbox 1226 2874 1395 2930; x_wconf 84' lang='lat' dir='ltr'>pensamus,</span> <span class='ocrx_word' id='word_1_342' title='bbox 1412 2858 1455 2913; x_wconf 91' lang='lat' dir='ltr'>sic</span> <span class='ocrx_word' id='word_1_343' title='bbox 1478 2875 1530 2914; x_wconf 89' lang='lat' dir='ltr'>noa</span> <span class='ocrx_word' id='word_1_344' title='bbox 1546 2875 1613 2915; x_wconf 86' lang='lat' dir='ltr'>cum</span> <span class='ocrx_word' id='word_1_345' title='bbox 1626 2858 1694 2916; x_wconf 90' lang='lat' dir='ltr'>liliis</span> <span class='ocrx_word' id='word_1_346' title='bbox 1709 2859 1819 2916; x_wconf 89' lang='lat' dir='ltr'>nostris</span> 
     </span>
     <span class='ocr_line' id='line_1_30' title="bbox 123 2945 1821 3019; baseline 0.002 -17"><span class='ocrx_word' id='word_1_347' title='bbox 123 2947 204 3004; x_wconf 86' lang='lat' dir='ltr'>cimus</span> <span class='ocrx_word' id='word_1_348' title='bbox 216 2947 436 3003; x_wconf 85' lang='lat' dir='ltr'>Donatistarum</span> <span class='ocrx_word' id='word_1_349' title='bbox 449 2946 584 3003; x_wconf 75' lang='lat' dir='ltr'>heresim</span> <span class='ocrx_word' id='word_1_350' title='bbox 595 2963 647 3019; x_wconf 93' lang='lat' dir='ltr'>pro</span> <span class='ocrx_word' id='word_1_351' title='bbox 664 2945 789 3018; x_wconf 90' lang='lat' dir='ltr'>peccatis</span> <span class='ocrx_word' id='word_1_352' title='bbox 809 2946 940 3018; x_wconf 92' lang='lat' dir='ltr'>quotidie</span> <span class='ocrx_word' id='word_1_353' title='bbox 993 2947 1151 3005; x_wconf 85' lang='lat' dir='ltr'>individuos</span> <span class='ocrx_word' id='word_1_354' title='bbox 1167 2946 1316 3003; x_wconf 87' lang='lat' dir='ltr'>charitatis</span> <span class='ocrx_word' id='word_1_355' title='bbox 1331 2947 1416 3004; x_wconf 89' lang='lat' dir='ltr'>debet</span> <span class='ocrx_word' id='word_1_356' title='bbox 1428 2947 1511 3004; x_wconf 91' lang='lat' dir='ltr'>unire</span> <span class='ocrx_word' id='word_1_357' title='bbox 1522 2949 1689 3019; x_wconf 84' lang='lat' dir='ltr'>concordia,</span> <span class='ocrx_word' id='word_1_358' title='bbox 1702 2953 1734 3006; x_wconf 89' lang='lat' dir='ltr'>ut</span> <span class='ocrx_word' id='word_1_359' title='bbox 1744 2950 1821 3006; x_wconf 85' lang='lat' dir='ltr'>siout</span> 
     </span>
     <span class='ocr_line' id='line_1_31' title="bbox 124 3034 1818 3110; baseline 0.002 -19"><span class='ocrx_word' id='word_1_360' title='bbox 124 3035 239 3106; x_wconf 75' lang='lat' dir='ltr'>dietari,</span> <span class='ocrx_word' id='word_1_361' title='bbox 250 3034 372 3094; x_wconf 90' lang='lat' dir='ltr'>etvaide</span> <span class='ocrx_word' id='word_1_362' title='bbox 387 3035 496 3110; x_wconf 90' lang='lat' dir='ltr'>plures,</span> <span class='ocrx_word' id='word_1_363' title='bbox 508 3036 577 3093; x_wconf 90' lang='lat' dir='ltr'>data</span> <span class='ocrx_word' id='word_1_364' title='bbox 590 3034 837 3106; x_wconf 76' lang='lat' dir='ltr'>personalitatem</span> <span class='ocrx_word' id='word_1_365' title='bbox 851 3034 939 3093; x_wconf 88' lang='lat' dir='ltr'>liceu-</span> <span class='ocrx_word' id='word_1_366' title='bbox 993 3042 1089 3109; x_wconf 87' lang='lat' dir='ltr'>patres</span> <span class='ocrx_word' id='word_1_367' title='bbox 1105 3037 1135 3094; x_wconf 90' lang='lat' dir='ltr'>in</span> <span class='ocrx_word' id='word_1_368' title='bbox 1151 3037 1279 3107; x_wconf 89' lang='lat' dir='ltr'>nomine,</span> <span class='ocrx_word' id='word_1_369' title='bbox 1296 3036 1335 3093; x_wconf 85' lang='lat' dir='ltr'>ita</span> <span class='ocrx_word' id='word_1_370' title='bbox 1357 3034 1461 3093; x_wconf 84' lang='lat' dir='ltr'>affectu</span> <span class='ocrx_word' id='word_1_371' title='bbox 1486 3038 1645 3107; x_wconf 90' lang='lat' dir='ltr'>probemur</span> <span class='ocrx_word' id='word_1_372' title='bbox 1668 3038 1698 3094; x_wconf 92' lang='lat' dir='ltr'>in</span> <span class='ocrx_word' id='word_1_373' title='bbox 1722 3053 1818 3110; x_wconf 87' lang='lat' dir='ltr'>opere.</span> 
     </span>
     <span class='ocr_line' id='line_1_32' title="bbox 125 3122 1819 3200; baseline -0.001 -19"><span class='ocrx_word' id='word_1_374' title='bbox 125 3124 590 3200; x_wconf 87' lang='lat' dir='ltr'>tis,postcatholicumbaptisma</span> <span class='ocrx_word' id='word_1_375' title='bbox 614 3142 631 3180; x_wconf 93' lang='lat' dir='ltr'>a</span> <span class='ocrx_word' id='word_1_376' title='bbox 656 3124 817 3182; x_wconf 86' lang='lat' dir='ltr'>Donatistis</span> <span class='ocrx_word' id='word_1_377' title='bbox 842 3125 937 3182; x_wconf 90' lang='lat' dir='ltr'>denuo</span> <span class='ocrx_word' id='word_1_378' title='bbox 992 3126 1151 3197; x_wconf 82' lang='lat' dir='ltr'>Dumargc</span> <span class='ocrx_word' id='word_1_379' title='bbox 1176 3122 1249 3180; x_wconf 90' lang='lat' dir='ltr'>tales</span> <span class='ocrx_word' id='word_1_380' title='bbox 1274 3140 1327 3180; x_wconf 90' lang='lat' dir='ltr'>nos</span> <span class='ocrx_word' id='word_1_381' title='bbox 1355 3139 1418 3180; x_wconf 91' lang='lat' dir='ltr'>asse</span> <span class='ocrx_word' id='word_1_382' title='bbox 1448 3123 1549 3196; x_wconf 90' lang='lat' dir='ltr'>quales</span> <span class='ocrx_word' id='word_1_383' title='bbox 1579 3123 1691 3196; x_wconf 83' lang='lat' dir='ltr'>prelati</span> <span class='ocrx_word' id='word_1_384' title='bbox 1715 3141 1819 3181; x_wconf 89' lang='lat' dir='ltr'>sumus</span> 
     </span>
     <span class='ocr_line' id='line_1_33' title="bbox 72 3201 1817 3290; baseline -0.001 -20"><span class='ocrx_word' id='word_1_385' title='bbox 72 3242 74 3249; x_wconf 95' lang='lat'>·</span> <span class='ocrx_word' id='word_1_386' title='bbox 126 3213 262 3290; x_wconf 83' lang='lat' dir='ltr'>hrptizari.</span> <span class='ocrx_word' id='word_1_387' title='bbox 280 3217 361 3283; x_wconf 83' lang='lat' dir='ltr'>Quod</span> <span class='ocrx_word' id='word_1_388' title='bbox 378 3232 464 3289; x_wconf 89' lang='lat' dir='ltr'>qnam</span> <span class='ocrx_word' id='word_1_389' title='bbox 478 3231 565 3290; x_wconf 84' lang='lat' dir='ltr'>gravo</span> <span class='ocrx_word' id='word_1_390' title='bbox 578 3215 628 3283; x_wconf 89' lang='lat' dir='ltr'>sit,</span> <span class='ocrx_word' id='word_1_391' title='bbox 644 3216 744 3284; x_wconf 88' lang='lat' dir='ltr'>irater,</span> <span class='ocrx_word' id='word_1_392' title='bbox 760 3221 873 3289; x_wconf 86' lang='lat' dir='ltr'>oportet</span> <span class='ocrx_word' id='word_1_393' title='bbox 884 3232 935 3272; x_wconf 89' lang='lat' dir='ltr'>nos</span> <span class='ocrx_word' id='word_1_394' title='bbox 950 3201 972 3268; x_wconf 82' lang='lat' dir='ltr'>C</span> <span class='ocrx_word' id='word_1_395' title='bbox 991 3217 1133 3286; x_wconf 88' lang='lat' dir='ltr'>oporteat,</span> <span class='ocrx_word' id='word_1_396' title='bbox 1145 3212 1287 3270; x_wconf 87' lang='lat' dir='ltr'>miramur</span> <span class='ocrx_word' id='word_1_397' title='bbox 1298 3230 1351 3269; x_wconf 90' lang='lat' dir='ltr'>cur</span> <span class='ocrx_word' id='word_1_398' title='bbox 1361 3213 1502 3269; x_wconf 87' lang='lat' dir='ltr'>adversus</span> <span class='ocrx_word' id='word_1_399' title='bbox 1513 3213 1724 3269; x_wconf 79' lang='lat' dir='ltr'>fraternitatem</span> <span class='ocrx_word' id='word_1_400' title='bbox 1735 3217 1817 3269; x_wconf 89' lang='lat' dir='ltr'>tuam</span> 
     </span>
     <span class='ocr_line' id='line_1_34' title="bbox 72 3300 1817 3381; baseline -0.003 -18"><span class='ocrx_word' id='word_1_401' title='bbox 72 3304 77 3381; x_wconf 39' lang='grc' dir='ltr'>ζ</span> <span class='ocrx_word' id='word_1_402' title='bbox 129 3304 936 3378; x_wconf 75' lang='lat' dir='ltr'>tetamentisintsntioneperpendereilccelupusdomi·</span> <span class='ocrx_word' id='word_1_403' title='bbox 991 3307 1071 3360; x_wconf 87' lang='lat' dir='ltr'>tante</span> <span class='ocrx_word' id='word_1_404' title='bbox 1087 3302 1331 3374; x_wconf 90' lang='lat' dir='ltr'>querimoniarum</span> <span class='ocrx_word' id='word_1_405' title='bbox 1348 3300 1817 3373; x_wconf 83' lang='lat' dir='ltr'>molesexortssit.0ucdquidem</span> 
     </span>
     <span class='ocr_line' id='line_1_35' title="bbox 131 3391 1819 3470; baseline -0.002 -19"><span class='ocrx_word' id='word_1_406' title='bbox 131 3394 208 3453; x_wconf 75' lang='lat' dir='ltr'>tiam</span> <span class='ocrx_word' id='word_1_407' title='bbox 218 3412 338 3470; x_wconf 89' lang='lat' dir='ltr'>gregem</span> <span class='ocrx_word' id='word_1_408' title='bbox 362 3412 417 3451; x_wconf 90' lang='lat' dir='ltr'>non</span> <span class='ocrx_word' id='word_1_409' title='bbox 431 3396 494 3467; x_wconf 76' lang='lat' dir='ltr'>Jam</span> <span class='ocrx_word' id='word_1_410' title='bbox 515 3394 546 3451; x_wconf 91' lang='lat' dir='ltr'>in</span> <span class='ocrx_word' id='word_1_411' title='bbox 572 3400 656 3451; x_wconf 87' lang='lat' dir='ltr'>nocte</span> <span class='ocrx_word' id='word_1_412' title='bbox 680 3393 816 3463; x_wconf 88' lang='lat' dir='ltr'>latenter,</span> <span class='ocrx_word' id='word_1_413' title='bbox 841 3394 936 3452; x_wconf 89' lang='lat' dir='ltr'>sedin</span> <span class='ocrx_word' id='word_1_414' title='bbox 993 3411 1046 3450; x_wconf 89' lang='lat' dir='ltr'>noe</span> <span class='ocrx_word' id='word_1_415' title='bbox 1058 3393 1153 3450; x_wconf 91' lang='lat' dir='ltr'>adhuc</span> <span class='ocrx_word' id='word_1_416' title='bbox 1165 3391 1469 3449; x_wconf 86' lang='lat' dir='ltr'>credereduhitemus.</span> <span class='ocrx_word' id='word_1_417' title='bbox 1483 3391 1538 3447; x_wconf 89' lang='lat' dir='ltr'>Sed</span> <span class='ocrx_word' id='word_1_418' title='bbox 1556 3395 1588 3447; x_wconf 93' lang='lat' dir='ltr'>ut</span> <span class='ocrx_word' id='word_1_419' title='bbox 1603 3393 1819 3448; x_wconf 83' lang='lat' dir='ltr'>veritatemva·</span> 
     </span>
     <span class='ocr_line' id='line_1_36' title="bbox 132 3481 1816 3556; baseline 0.001 -20"><span class='ocrx_word' id='word_1_420' title='bbox 132 3490 211 3555; x_wconf 88' lang='lat' dir='ltr'>aperta</span> <span class='ocrx_word' id='word_1_421' title='bbox 225 3485 291 3542; x_wconf 87' lang='lat' dir='ltr'>locs</span> <span class='ocrx_word' id='word_1_422' title='bbox 306 3483 440 3552; x_wconf 90' lang='lat' dir='ltr'>dilaniat,</span> <span class='ocrx_word' id='word_1_423' title='bbox 456 3487 485 3540; x_wconf 88' lang='lat' dir='ltr'>et</span> <span class='ocrx_word' id='word_1_424' title='bbox 498 3500 552 3541; x_wconf 91' lang='lat' dir='ltr'>nos</span> <span class='ocrx_word' id='word_1_425' title='bbox 567 3499 633 3540; x_wconf 87' lang='lat' dir='ltr'>curn</span> <span class='ocrx_word' id='word_1_426' title='bbox 647 3483 776 3556; x_wconf 88' lang='lat' dir='ltr'>grassari</span> <span class='ocrx_word' id='word_1_427' title='bbox 792 3484 822 3539; x_wconf 88' lang='lat' dir='ltr'>in</span> <span class='ocrx_word' id='word_1_428' title='bbox 838 3484 935 3541; x_wconf 88' lang='lat' dir='ltr'>ovium</span> <span class='ocrx_word' id='word_1_429' title='bbox 992 3482 1104 3540; x_wconf 87' lang='lat' dir='ltr'>isarnus</span> <span class='ocrx_word' id='word_1_430' title='bbox 1119 3497 1285 3555; x_wconf 86' lang='lat' dir='ltr'>agnoscere,</span> <span class='ocrx_word' id='word_1_431' title='bbox 1296 3481 1440 3537; x_wconf 81' lang='lat' dir='ltr'>loannem</span> <span class='ocrx_word' id='word_1_432' title='bbox 1456 3481 1534 3537; x_wconf 91' lang='lat' dir='ltr'>sedis</span> <span class='ocrx_word' id='word_1_433' title='bbox 1551 3485 1658 3537; x_wconf 76' lang='lat' dir='ltr'>nostre</span> <span class='ocrx_word' id='word_1_434' title='bbox 1669 3481 1816 3538; x_wconf 90' lang='lat' dir='ltr'>notarium</span> 
     </span>
     <span class='ocr_line' id='line_1_37' title="bbox 136 3570 1817 3645; baseline -0.002 -14"><span class='ocrx_word' id='word_1_435' title='bbox 136 3576 350 3643; x_wconf 71' lang='lat' dir='ltr'>messuimus,</span> <span class='ocrx_word' id='word_1_436' title='bbox 360 3579 389 3631; x_wconf 90' lang='lat' dir='ltr'>et</span> <span class='ocrx_word' id='word_1_437' title='bbox 398 3573 510 3631; x_wconf 89' lang='lat' dir='ltr'>nullaei</span> <span class='ocrx_word' id='word_1_438' title='bbox 518 3572 723 3642; x_wconf 87' lang='lat' dir='ltr'>sollicitudine,</span> <span class='ocrx_word' id='word_1_439' title='bbox 737 3573 826 3630; x_wconf 91' lang='lat' dir='ltr'>nullis</span> <span class='ocrx_word' id='word_1_440' title='bbox 835 3573 935 3631; x_wconf 88' lang='lat' dir='ltr'>verbo·</span> <span class='ocrx_word' id='word_1_441' title='bbox 992 3577 1092 3629; x_wconf 88' lang='lat' dir='ltr'>nostra</span> <span class='ocrx_word' id='word_1_442' title='bbox 1106 3573 1166 3629; x_wconf 92' lang='lat' dir='ltr'>illic</span> <span class='ocrx_word' id='word_1_443' title='bbox 1190 3571 1382 3645; x_wconf 82' lang='lat' dir='ltr'>preceptione</span> <span class='ocrx_word' id='word_1_444' title='bbox 1406 3570 1558 3627; x_wconf 81' lang='lat' dir='ltr'>suffultum</span> <span class='ocrx_word' id='word_1_445' title='bbox 1575 3570 1749 3640; x_wconf 83' lang='lat' dir='ltr'>direximus,</span> <span class='ocrx_word' id='word_1_446' title='bbox 1765 3585 1817 3643; x_wconf 72' lang='lat' dir='ltr'>qur</span> 
     </span>
     <span class='ocr_line' id='line_1_38' title="bbox 72 3659 1812 3738; baseline -0.001 -19"><span class='ocrx_word' id='word_1_447' title='bbox 72 3696 85 3738; x_wconf 61' lang='lat' dir='ltr'>g</span> <span class='ocrx_word' id='word_1_448' title='bbox 134 3663 297 3737; x_wconf 70' lang='lat' dir='ltr'>unicaulis</span> <span class='ocrx_word' id='word_1_449' title='bbox 312 3663 475 3719; x_wconf 79' lang='lat' dir='ltr'>obviamus.</span> <span class='ocrx_word' id='word_1_450' title='bbox 500 3663 576 3727; x_wconf 85' lang='lat' dir='ltr'>Quos</span> <span class='ocrx_word' id='word_1_451' title='bbox 591 3678 660 3735; x_wconf 89' lang='lat' dir='ltr'>ergo</span> <span class='ocrx_word' id='word_1_452' title='bbox 688 3663 798 3718; x_wconf 79' lang='lat' dir='ltr'>fructus</span> <span class='ocrx_word' id='word_1_453' title='bbox 815 3663 936 3720; x_wconf 85' lang='lat' dir='ltr'>Domino</span> <span class='ocrx_word' id='word_1_454' title='bbox 991 3668 1088 3734; x_wconf 89' lang='lat' dir='ltr'>partes</span> <span class='ocrx_word' id='word_1_455' title='bbox 1098 3662 1128 3717; x_wconf 90' lang='lat' dir='ltr'>in</span> <span class='ocrx_word' id='word_1_456' title='bbox 1139 3659 1296 3718; x_wconf 87' lang='lat' dir='ltr'>electorum</span> <span class='ocrx_word' id='word_1_457' title='bbox 1307 3659 1465 3732; x_wconf 87' lang='lat' dir='ltr'>compellat</span> <span class='ocrx_word' id='word_1_458' title='bbox 1475 3659 1748 3731; x_wconf 85' lang='lat' dir='ltr'>adessejudiaio,et</span> <span class='ocrx_word' id='word_1_459' title='bbox 1758 3676 1812 3717; x_wconf 89' lang='lat' dir='ltr'>sus</span> 
     </span>
     <span class='ocr_line' id='line_1_39' title="bbox 73 3748 1816 3828; baseline 0.001 -23"><span class='ocrx_word' id='word_1_460' title='bbox 73 3774 82 3781; x_wconf 91' lang='lat'>-</span> <span class='ocrx_word' id='word_1_461' title='bbox 136 3752 298 3828; x_wconf 85' lang='lat' dir='ltr'>aritipllcati</span> <span class='ocrx_word' id='word_1_462' title='bbox 313 3752 412 3825; x_wconf 90' lang='lat' dir='ltr'>gregia</span> <span class='ocrx_word' id='word_1_463' title='bbox 426 3752 628 3819; x_wconf 87' lang='lat' dir='ltr'>ostendemus,</span> <span class='ocrx_word' id='word_1_464' title='bbox 644 3753 669 3808; x_wconf 91' lang='lat' dir='ltr'>si</span> <span class='ocrx_word' id='word_1_465' title='bbox 680 3758 706 3807; x_wconf 86' lang='lat' dir='ltr'>et</span> <span class='ocrx_word' id='word_1_466' title='bbox 721 3751 830 3822; x_wconf 90' lang='lat' dir='ltr'>ipsum,</span> <span class='ocrx_word' id='word_1_467' title='bbox 847 3769 936 3824; x_wconf 90' lang='lat' dir='ltr'>quem</span> <span class='ocrx_word' id='word_1_468' title='bbox 991 3751 1169 3807; x_wconf 88' lang='lat' dir='ltr'>adeliectum</span> <span class='ocrx_word' id='word_1_469' title='bbox 1180 3749 1373 3815; x_wconf 83' lang='lat' dir='ltr'>exsecutione,</span> <span class='ocrx_word' id='word_1_470' title='bbox 1385 3765 1449 3820; x_wconf 83' lang='lat' dir='ltr'>que</span> <span class='ocrx_word' id='word_1_471' title='bbox 1461 3748 1816 3822; x_wconf 83' lang='lat' dir='ltr'>fuerintjudicataperdu·</span> 
     </span>
     <span class='ocr_line' id='line_1_40' title="bbox 72 3838 1814 3914; baseline -0.002 -14"><span class='ocrx_word' id='word_1_472' title='bbox 72 3869 74 3873; x_wconf 95' lang='lat'>·</span> <span class='ocrx_word' id='word_1_473' title='bbox 135 3841 937 3914; x_wconf 65' lang='lat' dir='ltr'>mendnmsnscepimus,otiosamenteccrnimusabe-</span> <span class='ocrx_word' id='word_1_474' title='bbox 990 3845 1045 3898; x_wconf 87' lang='lat' dir='ltr'>cat.</span> <span class='ocrx_word' id='word_1_475' title='bbox 1063 3841 1204 3906; x_wconf 85' lang='lat' dir='ltr'>Quocirca</span> <span class='ocrx_word' id='word_1_476' title='bbox 1214 3840 1423 3895; x_wconf 80' lang='lat' dir='ltr'>fraternitatem</span> <span class='ocrx_word' id='word_1_477' title='bbox 1440 3843 1519 3893; x_wconf 88' lang='lat' dir='ltr'>taam</span> <span class='ocrx_word' id='word_1_478' title='bbox 1531 3838 1648 3911; x_wconf 88' lang='lat' dir='ltr'>scriptis</span> <span class='ocrx_word' id='word_1_479' title='bbox 1660 3839 1814 3911; x_wconf 79' lang='lat' dir='ltr'>presenti·</span> 
     </span>
     <span class='ocr_line' id='line_1_41' title="bbox 136 3925 1814 4002; baseline -0.001 -17"><span class='ocrx_word' id='word_1_480' title='bbox 136 3927 341 3990; x_wconf 71' lang='lat' dir='ltr'>asseverasti</span> <span class='ocrx_word' id='word_1_481' title='bbox 355 3928 627 4002; x_wconf 84' lang='lat' dir='ltr'>Studeamusigitur</span> <span class='ocrx_word' id='word_1_482' title='bbox 639 3947 690 3988; x_wconf 93' lang='lat' dir='ltr'>cor</span> <span class='ocrx_word' id='word_1_483' title='bbox 705 3935 837 3987; x_wconf 90' lang='lat' dir='ltr'>nostrum</span> <span class='ocrx_word' id='word_1_484' title='bbox 848 3935 936 3988; x_wconf 89' lang='lat' dir='ltr'>terre·</span> <span class='ocrx_word' id='word_1_485' title='bbox 990 3930 1046 3987; x_wconf 91' lang='lat' dir='ltr'>hus</span> <span class='ocrx_word' id='word_1_486' title='bbox 1060 3929 1258 3996; x_wconf 90' lang='lat' dir='ltr'>adhortamur,</span> <span class='ocrx_word' id='word_1_487' title='bbox 1274 3930 1306 3983; x_wconf 92' lang='lat' dir='ltr'>ut</span> <span class='ocrx_word' id='word_1_488' title='bbox 1320 3941 1474 3982; x_wconf 86' lang='lat' dir='ltr'>causarum</span> <span class='ocrx_word' id='word_1_489' title='bbox 1490 3925 1568 3997; x_wconf 89' lang='lat' dir='ltr'>apud</span> <span class='ocrx_word' id='word_1_490' title='bbox 1584 3943 1615 3983; x_wconf 91' lang='lat' dir='ltr'>ea</span> <span class='ocrx_word' id='word_1_491' title='bbox 1626 3930 1694 3982; x_wconf 91' lang='lat' dir='ltr'>ante</span> <span class='ocrx_word' id='word_1_492' title='bbox 1709 3927 1814 3985; x_wconf 88' lang='lat' dir='ltr'>debeat</span> 
     </span>
    </p>
   </div>
   <div class='ocr_carea' id='block_1_3' title="bbox 72 4061 1822 5813">
    <p class='ocr_par' dir='ltr' id='par_1_3' title="bbox 132 4061 1810 4289">
     <span class='ocr_line' id='line_1_42' title="bbox 156 4061 1810 4148; baseline -0.009 -19"><span class='ocrx_word' id='word_1_493' title='bbox 156 4072 635 4148; x_wconf 79' lang='lat' dir='ltr'>(r)Pudentiana,urhsNumidia,</span> <span class='ocrx_word' id='word_1_494' title='bbox 652 4073 874 4143; x_wconf 89' lang='lat' dir='ltr'>dequauihila</span> <span class='ocrx_word' id='word_1_495' title='bbox 897 4075 935 4130; x_wconf 94' lang='lat' dir='ltr'>ud</span> <span class='ocrx_word' id='word_1_496' title='bbox 990 4067 1025 4125; x_wconf 83' lang='grc' dir='ltr'>δι’</span> <span class='ocrx_word' id='word_1_497' title='bbox 1054 4070 1157 4144; x_wconf 65' lang='grc' dir='ltr'><strong>ἕτερου,</strong></span> <span class='ocrx_word' id='word_1_498' title='bbox 1186 4066 1265 4131; x_wconf 73' lang='lat' dir='ltr'>colo&lt;</span> <span class='ocrx_word' id='word_1_499' title='bbox 1288 4065 1442 4146; x_wconf 72' lang='grc' dir='ltr'>ὀφθαλμοῖς</span> <span class='ocrx_word' id='word_1_500' title='bbox 1466 4061 1634 4143; x_wconf 75' lang='grc' dir='ltr'>ἀντιὸλέψης</span> <span class='ocrx_word' id='word_1_501' title='bbox 1657 4071 1696 4141; x_wconf 81' lang='grc' dir='ltr'>τῷ</span> <span class='ocrx_word' id='word_1_502' title='bbox 1717 4089 1810 4145; x_wconf 70' lang='lat' dir='ltr'>aucep.</span> 
     </span>
     <span class='ocr_line' id='line_1_43' title="bbox 134 4092 1810 4220; baseline -0.002 -21"><span class='ocrx_word' id='word_1_503' title='bbox 134 4152 248 4220; x_wconf 76' lang='lat' dir='ltr'>coequos</span> <span class='ocrx_word' id='word_1_504' title='bbox 262 4147 457 4220; x_wconf 79' lang='lat' dir='ltr'>geographos.</span> <span class='ocrx_word' id='word_1_505' title='bbox 474 4145 507 4202; x_wconf 90' lang='lat' dir='ltr'>ln</span> <span class='ocrx_word' id='word_1_506' title='bbox 520 4144 622 4200; x_wconf 81' lang='lat' dir='ltr'>collat.</span> <span class='ocrx_word' id='word_1_507' title='bbox 640 4144 786 4216; x_wconf 79' lang='lat' dir='ltr'>Carthag,</span> <span class='ocrx_word' id='word_1_508' title='bbox 799 4163 860 4215; x_wconf 89' lang='lat' dir='ltr'>cup.</span> <span class='ocrx_word' id='word_1_509' title='bbox 872 4092 936 4214; x_wconf 51' lang='lat' dir='ltr'>gill,</span> <span class='ocrx_word' id='word_1_510' title='bbox 989 4143 1102 4218; x_wconf 72' lang='grc' dir='ltr'>γήσαντι</span> <span class='ocrx_word' id='word_1_511' title='bbox 1115 4162 1122 4210; x_wconf 92' lang='grc'>;</span> <span class='ocrx_word' id='word_1_512' title='bbox 1137 4139 1162 4195; x_wconf 78' lang='lat' dir='ltr'>sl</span> <span class='ocrx_word' id='word_1_513' title='bbox 1178 4141 1246 4213; x_wconf 70' lang='grc' dir='ltr'>ἕξεις</span> <span class='ocrx_word' id='word_1_514' title='bbox 1265 4138 1502 4215; x_wconf 66' lang='grc' dir='ltr'>ἀπολογήσασθαι.</span> <span class='ocrx_word' id='word_1_515' title='bbox 1517 4142 1598 4196; x_wconf 86' lang='lat' dir='ltr'>idest</span> <span class='ocrx_word' id='word_1_516' title='bbox 1611 4158 1618 4197; x_wconf 77' lang='grc' dir='ltr'><em>τ</em></span> <span class='ocrx_word' id='word_1_517' title='bbox 1631 4143 1720 4208; x_wconf 85' lang='lat' dir='ltr'>Quem</span> <span class='ocrx_word' id='word_1_518' title='bbox 1732 4160 1810 4201; x_wconf 82' lang='lat' dir='ltr'>enim</span> 
     </span>
     <span class='ocr_line' id='line_1_44' title="bbox 132 4212 1810 4289; baseline -0.003 -14"><span class='ocrx_word' id='word_1_519' title='bbox 132 4225 294 4277; x_wconf 65' lang='lat' dir='ltr'>moratur</span> <span class='ocrx_word' id='word_1_520' title='bbox 308 4217 470 4276; x_wconf 81' lang='lat' dir='ltr'>Cresconius</span> <span class='ocrx_word' id='word_1_521' title='bbox 492 4221 632 4289; x_wconf 82' lang='lat' dir='ltr'>episcopus</span> <span class='ocrx_word' id='word_1_522' title='bbox 654 4215 888 4273; x_wconf 84' lang='lat' dir='ltr'>Pudcrrtioncrrsis</span> <span class='ocrx_word' id='word_1_523' title='bbox 902 4235 937 4274; x_wconf 83' lang='lat' dir='ltr'>ex</span> <span class='ocrx_word' id='word_1_524' title='bbox 990 4216 1140 4272; x_wconf 88' lang='lat' dir='ltr'>conscium</span> <span class='ocrx_word' id='word_1_525' title='bbox 1155 4215 1261 4278; x_wconf 83' lang='lat' dir='ltr'>adibis,</span> <span class='ocrx_word' id='word_1_526' title='bbox 1273 4213 1299 4269; x_wconf 91' lang='lat' dir='ltr'>si</span> <span class='ocrx_word' id='word_1_527' title='bbox 1312 4214 1488 4285; x_wconf 89' lang='lat' dir='ltr'>procuraris,</span> <span class='ocrx_word' id='word_1_528' title='bbox 1500 4212 1544 4268; x_wconf 85' lang='lat' dir='ltr'>vel</span> <span class='ocrx_word' id='word_1_529' title='bbox 1556 4229 1606 4284; x_wconf 88' lang='lat' dir='ltr'>per</span> <span class='ocrx_word' id='word_1_530' title='bbox 1619 4215 1755 4285; x_wconf 89' lang='lat' dir='ltr'>teipsum,</span> <span class='ocrx_word' id='word_1_531' title='bbox 1767 4213 1810 4271; x_wconf 85' lang='lat' dir='ltr'>vel</span> 
     </span>
    </p>

    <p class='ocr_par' dir='ltr' id='par_1_4' title="bbox 203 4283 1811 4358">
     <span class='ocr_line' id='line_1_45' title="bbox 203 4283 1811 4358; baseline 0 -14"><span class='ocrx_word' id='word_1_532' title='bbox 203 4290 327 4354; x_wconf 85' lang='lat' dir='ltr'>Donati,</span> <span class='ocrx_word' id='word_1_533' title='bbox 340 4289 388 4345; x_wconf 88' lang='lat' dir='ltr'>uhi</span> <span class='ocrx_word' id='word_1_534' title='bbox 399 4299 426 4346; x_wconf 91' lang='lat' dir='ltr'>et</span> <span class='ocrx_word' id='word_1_535' title='bbox 442 4289 636 4345; x_wconf 77' lang='lat' dir='ltr'>Memmianus</span> <span class='ocrx_word' id='word_1_536' title='bbox 647 4289 821 4346; x_wconf 87' lang='lat' dir='ltr'>catholicus.</span> <span class='ocrx_word' id='word_1_537' title='bbox 835 4289 868 4344; x_wconf 93' lang='lat' dir='ltr'>ln</span> <span class='ocrx_word' id='word_1_538' title='bbox 880 4288 934 4345; x_wconf 87' lang='lat' dir='ltr'>Ka·</span> <span class='ocrx_word' id='word_1_539' title='bbox 992 4303 1040 4358; x_wconf 89' lang='lat' dir='ltr'>per</span> <span class='ocrx_word' id='word_1_540' title='bbox 1055 4285 1172 4342; x_wconf 80' lang='lat' dir='ltr'>aliurn?</span> <span class='ocrx_word' id='word_1_541' title='bbox 1187 4285 1294 4358; x_wconf 83' lang='lat' dir='ltr'>quibus</span> <span class='ocrx_word' id='word_1_542' title='bbox 1305 4284 1400 4341; x_wconf 88' lang='lat' dir='ltr'>oculis</span> <span class='ocrx_word' id='word_1_543' title='bbox 1410 4283 1576 4340; x_wconf 85' lang='lat' dir='ltr'>ohiueheris</span> <span class='ocrx_word' id='word_1_544' title='bbox 1589 4285 1683 4355; x_wconf 88' lang='lat' dir='ltr'>illum,</span> <span class='ocrx_word' id='word_1_545' title='bbox 1696 4287 1746 4358; x_wconf 91' lang='lat' dir='ltr'>qui</span> <span class='ocrx_word' id='word_1_546' title='bbox 1758 4285 1811 4344; x_wconf 90' lang='lat' dir='ltr'>tibl</span> 
     </span>
    </p>

    <p class='ocr_par' dir='ltr' id='par_1_5' title="bbox 128 4355 1813 4505">
     <span class='ocr_line' id='line_1_46' title="bbox 175 4355 1812 4433; baseline -0.004 -15"><span class='ocrx_word' id='word_1_547' title='bbox 175 4362 238 4418; x_wconf 87' lang='lat' dir='ltr'>ario</span> <span class='ocrx_word' id='word_1_548' title='bbox 249 4361 400 4433; x_wconf 65' lang='lat' dir='ltr'>carthag,</span> <span class='ocrx_word' id='word_1_549' title='bbox 411 4360 937 4418; x_wconf 82' lang='lat' dir='ltr'>exvetsribusmembranismouuste-</span> <span class='ocrx_word' id='word_1_550' title='bbox 991 4358 1042 4414; x_wconf 90' lang='lat' dir='ltr'>iuit</span> <span class='ocrx_word' id='word_1_551' title='bbox 1059 4357 1193 4416; x_wconf 83' lang='lat' dir='ltr'>auxiliol</span> <span class='ocrx_word' id='word_1_552' title='bbox 1209 4357 1278 4428; x_wconf 92' lang='lat' dir='ltr'>quid</span> <span class='ocrx_word' id='word_1_553' title='bbox 1295 4356 1416 4412; x_wconf 88' lang='lat' dir='ltr'>hebebis</span> <span class='ocrx_word' id='word_1_554' title='bbox 1431 4355 1508 4427; x_wconf 88' lang='lat' dir='ltr'>quod</span> <span class='ocrx_word' id='word_1_555' title='bbox 1524 4356 1714 4412; x_wconf 74' lang='lat' dir='ltr'>excusastis</span> <span class='ocrx_word' id='word_1_556' title='bbox 1725 4355 1812 4413; x_wconf 85' lang='lat' dir='ltr'>Nico-</span> 
     </span>
     <span class='ocr_line' id='line_1_47' title="bbox 128 4427 1813 4505; baseline -0.005 -13"><span class='ocrx_word' id='word_1_557' title='bbox 128 4428 292 4493; x_wconf 73' lang='lat' dir='ltr'>hereniae.</span> <span class='ocrx_word' id='word_1_558' title='bbox 313 4444 405 4498; x_wconf 89' lang='lat' dir='ltr'>eruto,</span> <span class='ocrx_word' id='word_1_559' title='bbox 417 4431 541 4505; x_wconf 88' lang='lat' dir='ltr'>legitur:</span> <span class='ocrx_word' id='word_1_560' title='bbox 559 4431 717 4487; x_wconf 80' lang='lat' dir='ltr'>rrrilnlerrd.</span> <span class='ocrx_word' id='word_1_561' title='bbox 738 4431 807 4487; x_wconf 83' lang='lat' dir='ltr'>licii</span> <span class='ocrx_word' id='word_1_562' title='bbox 829 4439 931 4505; x_wconf 78' lang='lat' dir='ltr'>marty·</span> <span class='ocrx_word' id='word_1_563' title='bbox 991 4427 1813 4499; x_wconf 79' lang='lat' dir='ltr'>laueclemangiushancdesimonisquaestiouemtractat</span> 
     </span>
    </p>

    <p class='ocr_par' dir='ltr' id='par_1_6' title="bbox 72 4497 1814 4794">
     <span class='ocr_line' id='line_1_48' title="bbox 73 4497 1812 4574; baseline -0.002 -17"><span class='ocrx_word' id='word_1_564' title='bbox 73 4548 80 4555; x_wconf 95' lang='lat'>.</span> <span class='ocrx_word' id='word_1_565' title='bbox 126 4503 305 4563; x_wconf 81' lang='lat' dir='ltr'>tisPrsaierrris.</span> <span class='ocrx_word' id='word_1_566' title='bbox 320 4503 454 4560; x_wconf 75' lang='lat' dir='ltr'>Ecclesia</span> <span class='ocrx_word' id='word_1_567' title='bbox 470 4502 499 4558; x_wconf 91' lang='lat' dir='ltr'>iu</span> <span class='ocrx_word' id='word_1_568' title='bbox 521 4503 612 4573; x_wconf 78' lang='lat' dir='ltr'>hujus</span> <span class='ocrx_word' id='word_1_569' title='bbox 637 4504 772 4574; x_wconf 82' lang='lat' dir='ltr'>martyris</span> <span class='ocrx_word' id='word_1_570' title='bbox 794 4502 934 4560; x_wconf 89' lang='lat' dir='ltr'>honorem</span> <span class='ocrx_word' id='word_1_571' title='bbox 991 4501 1153 4557; x_wconf 72' lang='lat' dir='ltr'>luculenter</span> <span class='ocrx_word' id='word_1_572' title='bbox 1167 4501 1196 4555; x_wconf 93' lang='lat' dir='ltr'>in</span> <span class='ocrx_word' id='word_1_573' title='bbox 1212 4515 1298 4570; x_wconf 91' lang='lat' dir='ltr'>opere</span> <span class='ocrx_word' id='word_1_574' title='bbox 1313 4500 1348 4554; x_wconf 89' lang='lat' dir='ltr'>de</span> <span class='ocrx_word' id='word_1_575' title='bbox 1361 4497 1538 4554; x_wconf 79' lang='lat' dir='ltr'>l‘raesulibus</span> <span class='ocrx_word' id='word_1_576' title='bbox 1552 4497 1732 4567; x_wconf 86' lang='lat' dir='ltr'>simoniacis,</span> <span class='ocrx_word' id='word_1_577' title='bbox 1744 4514 1812 4555; x_wconf 89' lang='lat' dir='ltr'>nec·</span> 
     </span>
     <span class='ocr_line' id='line_1_49' title="bbox 72 4568 1814 4646; baseline -0.006 -11"><span class='ocrx_word' id='word_1_578' title='bbox 72 4620 75 4628; x_wconf 85' lang='lat'>.</span> <span class='ocrx_word' id='word_1_579' title='bbox 126 4583 283 4635; x_wconf 71' lang='lat' dir='ltr'>sustracto</span> <span class='ocrx_word' id='word_1_580' title='bbox 299 4575 471 4633; x_wconf 85' lang='lat' dir='ltr'>meminisse</span> <span class='ocrx_word' id='word_1_581' title='bbox 485 4573 599 4630; x_wconf 82' lang='lat' dir='ltr'>videtur</span> <span class='ocrx_word' id='word_1_582' title='bbox 613 4573 779 4646; x_wconf 87' lang='lat' dir='ltr'>Gregorius.</span> <span class='ocrx_word' id='word_1_583' title='bbox 952 4571 975 4636; x_wconf 85' lang='lat' dir='ltr'>D</span> <span class='ocrx_word' id='word_1_584' title='bbox 991 4589 1049 4628; x_wconf 91' lang='lat' dir='ltr'>non</span> <span class='ocrx_word' id='word_1_585' title='bbox 1062 4580 1180 4628; x_wconf 87' lang='lat' dir='ltr'>sanctus</span> <span class='ocrx_word' id='word_1_586' title='bbox 1191 4572 1292 4627; x_wconf 88' lang='lat' dir='ltr'>Petrus</span> <span class='ocrx_word' id='word_1_587' title='bbox 1304 4571 1449 4638; x_wconf 83' lang='lat' dir='ltr'>Damiani,</span> <span class='ocrx_word' id='word_1_588' title='bbox 1462 4568 1573 4624; x_wconf 90' lang='lat' dir='ltr'>inlibro</span> <span class='ocrx_word' id='word_1_589' title='bbox 1584 4586 1670 4642; x_wconf 89' lang='lat' dir='ltr'>quem</span> <span class='ocrx_word' id='word_1_590' title='bbox 1680 4569 1814 4626; x_wconf 86' lang='lat' dir='ltr'>inscribit</span> 
     </span>
     <span class='ocr_line' id='line_1_50' title="bbox 72 4641 1811 4721; baseline -0.006 -16"><span class='ocrx_word' id='word_1_591' title='bbox 72 4704 76 4715; x_wconf 84' lang='lat'>,</span> <span class='ocrx_word' id='word_1_592' title='bbox 145 4649 180 4721; x_wconf 77' lang='lat' dir='ltr'>li)</span> <span class='ocrx_word' id='word_1_593' title='bbox 194 4649 293 4707; x_wconf 76' lang='lat' dir='ltr'>istie.</span> <span class='ocrx_word' id='word_1_594' title='bbox 307 4650 343 4716; x_wconf 80' lang='lat' dir='ltr'>A,</span> <span class='ocrx_word' id='word_1_595' title='bbox 357 4665 417 4703; x_wconf 81' lang='lat' dir='ltr'>aon</span> <span class='ocrx_word' id='word_1_596' title='bbox 434 4647 505 4704; x_wconf 84' lang='lat' dir='ltr'>boae</span> <span class='ocrx_word' id='word_1_597' title='bbox 517 4644 641 4702; x_wconf 78' lang='lat' dir='ltr'>licentia.</span> <span class='ocrx_word' id='word_1_598' title='bbox 993 4644 1179 4709; x_wconf 73' lang='lat' dir='ltr'>(iratissimus,</span> <span class='ocrx_word' id='word_1_599' title='bbox 1192 4644 1241 4716; x_wconf 91' lang='lat' dir='ltr'>qui</span> <span class='ocrx_word' id='word_1_600' title='bbox 1251 4646 1348 4698; x_wconf 87' lang='lat' dir='ltr'>tamen</span> <span class='ocrx_word' id='word_1_601' title='bbox 1357 4648 1441 4697; x_wconf 88' lang='lat' dir='ltr'>caute</span> <span class='ocrx_word' id='word_1_602' title='bbox 1452 4641 1595 4713; x_wconf 87' lang='lat' dir='ltr'>legendus</span> <span class='ocrx_word' id='word_1_603' title='bbox 1605 4649 1659 4697; x_wconf 86' lang='lat' dir='ltr'>est.</span> <span class='ocrx_word' id='word_1_604' title='bbox 1670 4644 1811 4698; x_wconf 74' lang='lat' dir='ltr'>Gesseris.</span> 
     </span>
     <span class='ocr_line' id='line_1_51' title="bbox 72 4711 1812 4794; baseline -0.007 -16"><span class='ocrx_word' id='word_1_605' title='bbox 72 4770 74 4785; x_wconf 91' lang='grc'>,</span> <span class='ocrx_word' id='word_1_606' title='bbox 151 4718 319 4794; x_wconf 72' lang='lat' dir='ltr'>slvidelib.</span> <span class='ocrx_word' id='word_1_607' title='bbox 331 4719 448 4791; x_wconf 70' lang='lat' dir='ltr'>nepist.</span> <span class='ocrx_word' id='word_1_608' title='bbox 464 4718 510 4775; x_wconf 87' lang='lat' dir='ltr'>st.</span> <span class='ocrx_word' id='word_1_609' title='bbox 522 4717 682 4774; x_wconf 71' lang='lat' dir='ltr'>talicensis</span> <span class='ocrx_word' id='word_1_610' title='bbox 698 4714 935 4784; x_wconf 83' lang='lat' dir='ltr'>legiturHilorio.</span> <span class='ocrx_word' id='word_1_611' title='bbox 1027 4714 1058 4786; x_wconf 84' lang='lat' dir='ltr'>(i)</span> <span class='ocrx_word' id='word_1_612' title='bbox 1071 4716 1101 4770; x_wconf 91' lang='lat' dir='ltr'>ln</span> <span class='ocrx_word' id='word_1_613' title='bbox 1126 4715 1257 4783; x_wconf 81' lang='lat' dir='ltr'>Excusis,</span> <span class='ocrx_word' id='word_1_614' title='bbox 1280 4715 1390 4783; x_wconf 86' lang='lat' dir='ltr'>priuata</span> <span class='ocrx_word' id='word_1_615' title='bbox 1408 4714 1569 4784; x_wconf 75' lang='lat' dir='ltr'>cognitione,</span> <span class='ocrx_word' id='word_1_616' title='bbox 1591 4711 1668 4785; x_wconf 89' lang='lat' dir='ltr'>quod</span> <span class='ocrx_word' id='word_1_617' title='bbox 1691 4712 1721 4768; x_wconf 92' lang='lat' dir='ltr'>in</span> <span class='ocrx_word' id='word_1_618' title='bbox 1740 4729 1812 4770; x_wconf 90' lang='lat' dir='ltr'>mss.</span> 
     </span>
    </p>

    <p class='ocr_par' dir='ltr' id='par_1_7' title="bbox 124 4724 1812 5149">
     <span class='ocr_line' id='line_1_52' title="bbox 144 4724 1571 4862; baseline -0.009 -12"><span class='ocrx_word' id='word_1_619' title='bbox 144 4724 175 4860; x_wconf 54' lang='grc'>,1)</span> <span class='ocrx_word' id='word_1_620' title='bbox 189 4789 376 4849; x_wconf 82' lang='lat' dir='ltr'>Prosineiela</span> <span class='ocrx_word' id='word_1_621' title='bbox 391 4787 537 4862; x_wconf 89' lang='lat' dir='ltr'>intelligit,</span> <span class='ocrx_word' id='word_1_622' title='bbox 551 4788 662 4844; x_wconf 90' lang='lat' dir='ltr'>scilicet</span> <span class='ocrx_word' id='word_1_623' title='bbox 675 4786 820 4844; x_wconf 78' lang='lat' dir='ltr'>Numidia</span> <span class='ocrx_word' id='word_1_624' title='bbox 836 4789 935 4846; x_wconf 88' lang='lat' dir='ltr'>totius.</span> <span class='ocrx_word' id='word_1_625' title='bbox 990 4786 1081 4844; x_wconf 85' lang='lat' dir='ltr'>Codd.</span> <span class='ocrx_word' id='word_1_626' title='bbox 1097 4790 1214 4859; x_wconf 78' lang='lat' dir='ltr'>optimae</span> <span class='ocrx_word' id='word_1_627' title='bbox 1230 4792 1304 4841; x_wconf 84' lang='lat' dir='ltr'>note</span> <span class='ocrx_word' id='word_1_628' title='bbox 1321 4801 1377 4841; x_wconf 88' lang='lat' dir='ltr'>non</span> <span class='ocrx_word' id='word_1_629' title='bbox 1395 4785 1571 4840; x_wconf 83' lang='lat' dir='ltr'>invenimus.</span> 
     </span>
     <span class='ocr_line' id='line_1_53' title="bbox 124 4853 1811 4930; baseline -0.005 -10"><span class='ocrx_word' id='word_1_630' title='bbox 124 4858 254 4921; x_wconf 74' lang='lat' dir='ltr'>lsssasm</span> <span class='ocrx_word' id='word_1_631' title='bbox 1027 4857 1064 4929; x_wconf 79' lang='lat' dir='ltr'>(l)</span> <span class='ocrx_word' id='word_1_632' title='bbox 1080 4860 1112 4914; x_wconf 93' lang='lat' dir='ltr'>ln</span> <span class='ocrx_word' id='word_1_633' title='bbox 1128 4863 1184 4915; x_wconf 88' lang='lat' dir='ltr'>vet.</span> <span class='ocrx_word' id='word_1_634' title='bbox 1197 4858 1260 4925; x_wconf 77' lang='lat' dir='ltr'>ss..</span> <span class='ocrx_word' id='word_1_635' title='bbox 1275 4855 1445 4930; x_wconf 62' lang='lat' dir='ltr'>precedente</span> <span class='ocrx_word' id='word_1_636' title='bbox 1463 4856 1587 4926; x_wconf 79' lang='lat' dir='ltr'>justitio.</span> <span class='ocrx_word' id='word_1_637' title='bbox 1608 4856 1677 4913; x_wconf 81' lang='lat' dir='ltr'>tiss.</span> <span class='ocrx_word' id='word_1_638' title='bbox 1693 4870 1752 4913; x_wconf 89' lang='lat' dir='ltr'>non</span> <span class='ocrx_word' id='word_1_639' title='bbox 1767 4853 1811 4911; x_wconf 85' lang='lat' dir='ltr'>ia·</span> 
     </span>
     <span class='ocr_line' id='line_1_54' title="bbox 145 4931 1068 5007; baseline -0.01 -14"><span class='ocrx_word' id='word_1_640' title='bbox 145 4939 183 5007; x_wconf 67' lang='lat' dir='ltr'>h)</span> <span class='ocrx_word' id='word_1_641' title='bbox 192 4933 414 5005; x_wconf 83' lang='lat' dir='ltr'>Depositioaem</span> <span class='ocrx_word' id='word_1_642' title='bbox 429 4931 537 5000; x_wconf 88' lang='lat' dir='ltr'>innuit,</span> <span class='ocrx_word' id='word_1_643' title='bbox 549 4947 606 4987; x_wconf 91' lang='lat' dir='ltr'>non</span> <span class='ocrx_word' id='word_1_644' title='bbox 618 4934 741 5002; x_wconf 89' lang='lat' dir='ltr'>utputo,</span> <span class='ocrx_word' id='word_1_645' title='bbox 752 4932 937 4990; x_wconf 76' lang='lat' dir='ltr'>ceremonia·</span> <span class='ocrx_word' id='word_1_646' title='bbox 991 4936 1068 4986; x_wconf 89' lang='lat' dir='ltr'>vent.</span> 
     </span>
     <span class='ocr_line' id='line_1_55' title="bbox 125 4997 1812 5075; baseline -0.005 -11"><span class='ocrx_word' id='word_1_647' title='bbox 125 4997 192 5064; x_wconf 67' lang='lat' dir='ltr'>bd</span> <span class='ocrx_word' id='word_1_648' title='bbox 248 5005 432 5071; x_wconf 64' lang='lat' dir='ltr'>mationem,</span> <span class='ocrx_word' id='word_1_649' title='bbox 443 5004 656 5075; x_wconf 88' lang='lat' dir='ltr'>cujusiormam</span> <span class='ocrx_word' id='word_1_650' title='bbox 669 5003 937 5074; x_wconf 81' lang='lat' dir='ltr'>praesoribitPonti-</span> <span class='ocrx_word' id='word_1_651' title='bbox 1026 5003 1057 5075; x_wconf 87' lang='lat' dir='ltr'>(l)</span> <span class='ocrx_word' id='word_1_652' title='bbox 1072 5001 1114 5057; x_wconf 87' lang='lat' dir='ltr'>Ita</span> <span class='ocrx_word' id='word_1_653' title='bbox 1130 5001 1159 5057; x_wconf 91' lang='lat' dir='ltr'>in</span> <span class='ocrx_word' id='word_1_654' title='bbox 1176 5005 1303 5074; x_wconf 90' lang='lat' dir='ltr'>quatuor</span> <span class='ocrx_word' id='word_1_655' title='bbox 1321 5000 1426 5068; x_wconf 72' lang='lat' dir='ltr'>Vatia,</span> <span class='ocrx_word' id='word_1_656' title='bbox 1442 4998 1555 5068; x_wconf 89' lang='lat' dir='ltr'>Norm.,</span> <span class='ocrx_word' id='word_1_657' title='bbox 1577 4998 1699 5069; x_wconf 84' lang='lat' dir='ltr'>Turon.,</span> <span class='ocrx_word' id='word_1_658' title='bbox 1715 4999 1812 5070; x_wconf 85' lang='lat' dir='ltr'>Gorb,</span> 
     </span>
     <span class='ocr_line' id='line_1_56' title="bbox 124 5071 1812 5149; baseline -0.005 -12"><span class='ocrx_word' id='word_1_659' title='bbox 124 5072 190 5137; x_wconf 68' lang='lat' dir='ltr'>itale</span> <span class='ocrx_word' id='word_1_660' title='bbox 251 5093 382 5134; x_wconf 87' lang='lat' dir='ltr'>manum.</span> <span class='ocrx_word' id='word_1_661' title='bbox 402 5083 442 5133; x_wconf 85' lang='lat' dir='ltr'>De</span> <span class='ocrx_word' id='word_1_662' title='bbox 457 5076 663 5147; x_wconf 84' lang='lat' dir='ltr'>degradatione</span> <span class='ocrx_word' id='word_1_663' title='bbox 679 5075 742 5130; x_wconf 83' lang='lat' dir='ltr'>uide</span> <span class='ocrx_word' id='word_1_664' title='bbox 758 5081 935 5149; x_wconf 85' lang='lat' dir='ltr'>canonistas,</span> <span class='ocrx_word' id='word_1_665' title='bbox 991 5072 1074 5145; x_wconf 68' lang='lat' dir='ltr'>ling,</span> <span class='ocrx_word' id='word_1_666' title='bbox 1090 5078 1158 5139; x_wconf 78' lang='lat' dir='ltr'>ete,</span> <span class='ocrx_word' id='word_1_667' title='bbox 1174 5090 1248 5145; x_wconf 91' lang='lat' dir='ltr'>quos</span> <span class='ocrx_word' id='word_1_668' title='bbox 1259 5078 1422 5147; x_wconf 82' lang='lat' dir='ltr'>sequuntur</span> <span class='ocrx_word' id='word_1_669' title='bbox 1435 5076 1490 5126; x_wconf 84' lang='lat' dir='ltr'>sei.</span> <span class='ocrx_word' id='word_1_670' title='bbox 1504 5071 1554 5126; x_wconf 80' lang='lat' dir='ltr'>sd.</span> <span class='ocrx_word' id='word_1_671' title='bbox 1565 5071 1595 5127; x_wconf 90' lang='lat' dir='ltr'>ln</span> <span class='ocrx_word' id='word_1_672' title='bbox 1607 5080 1713 5129; x_wconf 88' lang='lat' dir='ltr'>recent.</span> <span class='ocrx_word' id='word_1_673' title='bbox 1726 5071 1812 5133; x_wconf 89' lang='lat' dir='ltr'>omit·</span> 
     </span>
    </p>

    <p class='ocr_par' dir='ltr' id='par_1_8' title="bbox 109 5140 1598 5222">
     <span class='ocr_line' id='line_1_57' title="bbox 109 5140 1598 5222; baseline -0.006 -19"><span class='ocrx_word' id='word_1_674' title='bbox 109 5144 154 5203; x_wconf 76' lang='lat' dir='ltr'>&#39;it</span> <span class='ocrx_word' id='word_1_675' title='bbox 166 5152 315 5221; x_wconf 73' lang='lat' dir='ltr'>eepoeais,</span> <span class='ocrx_word' id='word_1_676' title='bbox 331 5156 359 5204; x_wconf 91' lang='lat' dir='ltr'>at</span> <span class='ocrx_word' id='word_1_677' title='bbox 383 5149 556 5214; x_wconf 82' lang='lat' dir='ltr'>Gereonam,</span> <span class='ocrx_word' id='word_1_678' title='bbox 579 5145 612 5202; x_wconf 84' lang='lat' dir='ltr'>de</span> <span class='ocrx_word' id='word_1_679' title='bbox 634 5143 834 5218; x_wconf 74' lang='lat' dir='ltr'>cuserihilitote</span> <span class='ocrx_word' id='word_1_680' title='bbox 847 5165 935 5222; x_wconf 74' lang='lat' dir='ltr'>pope,</span> <span class='ocrx_word' id='word_1_681' title='bbox 991 5145 1072 5208; x_wconf 87' lang='lat' dir='ltr'>titur,</span> <span class='ocrx_word' id='word_1_682' title='bbox 1089 5162 1138 5216; x_wconf 84' lang='lat' dir='ltr'>pro</span> <span class='ocrx_word' id='word_1_683' title='bbox 1153 5162 1182 5201; x_wconf 88' lang='lat' dir='ltr'>co</span> <span class='ocrx_word' id='word_1_684' title='bbox 1193 5144 1263 5216; x_wconf 83' lang='lat' dir='ltr'>qaod</span> <span class='ocrx_word' id='word_1_685' title='bbox 1279 5146 1314 5198; x_wconf 87' lang='lat' dir='ltr'>nd</span> <span class='ocrx_word' id='word_1_686' title='bbox 1328 5159 1377 5198; x_wconf 85' lang='lat' dir='ltr'>nos</span> <span class='ocrx_word' id='word_1_687' title='bbox 1396 5140 1510 5213; x_wconf 63' lang='lat' dir='ltr'>patipati</span> <span class='ocrx_word' id='word_1_688' title='bbox 1524 5143 1598 5196; x_wconf 85' lang='lat' dir='ltr'>suat.</span> 
     </span>
    </p>

    <p class='ocr_par' dir='ltr' id='par_1_9' title="bbox 121 5213 1817 5363">
     <span class='ocr_line' id='line_1_58' title="bbox 121 5213 1817 5289; baseline -0.005 -11"><span class='ocrx_word' id='word_1_689' title='bbox 121 5222 285 5278; x_wconf 62' lang='lat' dir='ltr'>widerat-</span> <span class='ocrx_word' id='word_1_690' title='bbox 303 5221 347 5276; x_wconf 87' lang='lat' dir='ltr'>t5.</span> <span class='ocrx_word' id='word_1_691' title='bbox 1028 5216 1075 5289; x_wconf 83' lang='lat' dir='ltr'>(m)</span> <span class='ocrx_word' id='word_1_692' title='bbox 1088 5221 1130 5272; x_wconf 88' lang='lat' dir='ltr'>lta</span> <span class='ocrx_word' id='word_1_693' title='bbox 1139 5222 1246 5272; x_wconf 84' lang='lat' dir='ltr'>Turon.</span> <span class='ocrx_word' id='word_1_694' title='bbox 1259 5214 1289 5271; x_wconf 89' lang='lat' dir='ltr'>S.</span> <span class='ocrx_word' id='word_1_695' title='bbox 1301 5216 1365 5270; x_wconf 86' lang='lat' dir='ltr'>Gat.</span> <span class='ocrx_word' id='word_1_696' title='bbox 1376 5215 1407 5270; x_wconf 93' lang='lat' dir='ltr'>lu</span> <span class='ocrx_word' id='word_1_697' title='bbox 1419 5213 1681 5283; x_wconf 90' lang='lat' dir='ltr'>codicibusquibus</span> <span class='ocrx_word' id='word_1_698' title='bbox 1691 5215 1817 5272; x_wconf 85' lang='lat' dir='ltr'>neiaunt</span> 
     </span>
     <span class='ocr_line' id='line_1_59' title="bbox 143 5286 1815 5363; baseline -0.004 -13"><span class='ocrx_word' id='word_1_699' title='bbox 143 5292 469 5363; x_wconf 68' lang='lat' dir='ltr'>(bichristumaocepta</span> <span class='ocrx_word' id='word_1_700' title='bbox 481 5289 605 5361; x_wconf 86' lang='lat' dir='ltr'>pecunia</span> <span class='ocrx_word' id='word_1_701' title='bbox 618 5289 743 5345; x_wconf 83' lang='lat' dir='ltr'>vendere</span> <span class='ocrx_word' id='word_1_702' title='bbox 754 5288 874 5354; x_wconf 83' lang='lat' dir='ltr'>dieitur,</span> <span class='ocrx_word' id='word_1_703' title='bbox 886 5293 935 5363; x_wconf 92' lang='lat' dir='ltr'>qui</span> <span class='ocrx_word' id='word_1_704' title='bbox 990 5289 1148 5345; x_wconf 87' lang='lat' dir='ltr'>Collatores</span> <span class='ocrx_word' id='word_1_705' title='bbox 1164 5286 1285 5344; x_wconf 83' lang='lat' dir='ltr'>Romani</span> <span class='ocrx_word' id='word_1_706' title='bbox 1302 5289 1360 5342; x_wconf 83' lang='lat' dir='ltr'>hec</span> <span class='ocrx_word' id='word_1_707' title='bbox 1389 5286 1528 5358; x_wconf 91' lang='lat' dir='ltr'>temporis</span> <span class='ocrx_word' id='word_1_708' title='bbox 1550 5291 1619 5341; x_wconf 91' lang='lat' dir='ltr'>nota</span> <span class='ocrx_word' id='word_1_709' title='bbox 1636 5287 1764 5359; x_wconf 88' lang='lat' dir='ltr'>pertinet</span> <span class='ocrx_word' id='word_1_710' title='bbox 1778 5286 1815 5343; x_wconf 87' lang='lat' dir='ltr'>ad</span> 
     </span>
    </p>

    <p class='ocr_par' dir='ltr' id='par_1_10' title="bbox 117 5358 1401 5437">
     <span class='ocr_line' id='line_1_60' title="bbox 117 5358 1401 5437; baseline -0.008 -16"><span class='ocrx_word' id='word_1_711' title='bbox 117 5371 261 5437; x_wconf 58' lang='lat' dir='ltr'>neptas</span> <span class='ocrx_word' id='word_1_712' title='bbox 278 5363 398 5435; x_wconf 67' lang='lat' dir='ltr'>prm-io</span> <span class='ocrx_word' id='word_1_713' title='bbox 415 5364 584 5436; x_wconf 88' lang='lat' dir='ltr'>episcopum</span> <span class='ocrx_word' id='word_1_714' title='bbox 602 5361 662 5417; x_wconf 87' lang='lat' dir='ltr'>lieri</span> <span class='ocrx_word' id='word_1_715' title='bbox 679 5361 821 5432; x_wconf 88' lang='lat' dir='ltr'>permisit.</span> <span class='ocrx_word' id='word_1_716' title='bbox 836 5363 936 5419; x_wconf 77' lang='lat' dir='ltr'>Faces·</span> <span class='ocrx_word' id='word_1_717' title='bbox 990 5359 1042 5432; x_wconf 81' lang='lat' dir='ltr'>Ep.</span> <span class='ocrx_word' id='word_1_718' title='bbox 1059 5366 1237 5433; x_wconf 85' lang='lat' dir='ltr'>sequentem,</span> <span class='ocrx_word' id='word_1_719' title='bbox 1258 5358 1401 5414; x_wconf 63' lang='lat' dir='ltr'>trinacrio.</span> 
     </span>
    </p>

    <p class='ocr_par' dir='ltr' id='par_1_11' title="bbox 108 5426 1817 5504">
     <span class='ocr_line' id='line_1_61' title="bbox 108 5426 1817 5504; baseline -0.005 -13"><span class='ocrx_word' id='word_1_720' title='bbox 108 5436 383 5494; x_wconf 68' lang='lat' dir='ltr'>-flatrecentiornm</span> <span class='ocrx_word' id='word_1_721' title='bbox 398 5435 434 5490; x_wconf 87' lang='lat' dir='ltr'>de</span> <span class='ocrx_word' id='word_1_722' title='bbox 448 5436 573 5491; x_wconf 83' lang='lat' dir='ltr'>simonia</span> <span class='ocrx_word' id='word_1_723' title='bbox 587 5434 735 5504; x_wconf 82' lang='lat' dir='ltr'>figmenta,</span> <span class='ocrx_word' id='word_1_724' title='bbox 752 5433 934 5503; x_wconf 85' lang='lat' dir='ltr'>quibuseam</span> <span class='ocrx_word' id='word_1_725' title='bbox 1027 5432 1120 5488; x_wconf 81' lang='lat' dir='ltr'>Errsr.</span> <span class='ocrx_word' id='word_1_726' title='bbox 1150 5430 1232 5486; x_wconf 80' lang='lat' dir='ltr'>xttx</span> <span class='ocrx_word' id='word_1_727' title='bbox 1259 5429 1312 5503; x_wconf 80' lang='lat' dir='ltr'>[At.</span> <span class='ocrx_word' id='word_1_728' title='bbox 1337 5428 1395 5502; x_wconf 72' lang='grc'><strong>34].</strong></span> <span class='ocrx_word' id='word_1_729' title='bbox 1419 5459 1452 5471; x_wconf 92' lang='grc'>-</span> <span class='ocrx_word' id='word_1_730' title='bbox 1474 5430 1509 5500; x_wconf 87' lang='lat' dir='ltr'>(ol</span> <span class='ocrx_word' id='word_1_731' title='bbox 1536 5426 1577 5484; x_wconf 88' lang='lat' dir='ltr'>lta</span> <span class='ocrx_word' id='word_1_732' title='bbox 1599 5430 1667 5486; x_wconf 78' lang='lat' dir='ltr'>ilas.</span> <span class='ocrx_word' id='word_1_733' title='bbox 1691 5429 1817 5502; x_wconf 72' lang='lat' dir='ltr'>cingite,</span> 
     </span>
    </p>

    <p class='ocr_par' dir='ltr' id='par_1_12' title="bbox 101 5499 1820 5580">
     <span class='ocr_line' id='line_1_62' title="bbox 101 5499 1820 5580; baseline -0.007 -15"><span class='ocrx_word' id='word_1_734' title='bbox 101 5502 157 5565; x_wconf 70' lang='lat' dir='ltr'>&#39;lli</span> <span class='ocrx_word' id='word_1_735' title='bbox 168 5510 317 5565; x_wconf 81' lang='lat' dir='ltr'>sidentur</span> <span class='ocrx_word' id='word_1_736' title='bbox 332 5505 496 5563; x_wconf 85' lang='lat' dir='ltr'>emaculare</span> <span class='ocrx_word' id='word_1_737' title='bbox 524 5503 687 5574; x_wconf 85' lang='lat' dir='ltr'>interjectis</span> <span class='ocrx_word' id='word_1_738' title='bbox 709 5505 821 5560; x_wconf 86' lang='lat' dir='ltr'>voculis</span> <span class='ocrx_word' id='word_1_739' title='bbox 838 5506 934 5574; x_wconf 90' lang='lat' dir='ltr'>pretii,</span> <span class='ocrx_word' id='word_1_740' title='bbox 989 5500 1090 5558; x_wconf 90' lang='lat' dir='ltr'>Norm.</span> <span class='ocrx_word' id='word_1_741' title='bbox 1107 5507 1136 5558; x_wconf 83' lang='lat' dir='ltr'>et</span> <span class='ocrx_word' id='word_1_742' title='bbox 1153 5501 1288 5558; x_wconf 85' lang='lat' dir='ltr'>nonnulli</span> <span class='ocrx_word' id='word_1_743' title='bbox 1304 5500 1365 5557; x_wconf 86' lang='lat' dir='ltr'>ilat.</span> <span class='ocrx_word' id='word_1_744' title='bbox 1387 5502 1420 5558; x_wconf 89' lang='lat' dir='ltr'>ln</span> <span class='ocrx_word' id='word_1_745' title='bbox 1445 5499 1605 5580; x_wconf 70' lang='lat' dir='ltr'>altissona.</span> <span class='ocrx_word' id='word_1_746' title='bbox 1621 5502 1753 5574; x_wconf 85' lang='lat' dir='ltr'>episcopo.</span> <span class='ocrx_word' id='word_1_747' title='bbox 1771 5500 1820 5555; x_wconf 86' lang='lat' dir='ltr'>Sia</span> 
     </span>
    </p>

    <p class='ocr_par' dir='ltr' id='par_1_13' title="bbox 109 5572 1820 5656">
     <span class='ocr_line' id='line_1_63' title="bbox 109 5572 1820 5656; baseline -0.005 -20"><span class='ocrx_word' id='word_1_748' title='bbox 109 5580 229 5651; x_wconf 64' lang='lat' dir='ltr'>premii.</span> <span class='ocrx_word' id='word_1_749' title='bbox 246 5577 361 5643; x_wconf 84' lang='lat' dir='ltr'>motisi,</span> <span class='ocrx_word' id='word_1_750' title='bbox 375 5577 556 5651; x_wconf 82' lang='lat' dir='ltr'>equalitatis.</span> <span class='ocrx_word' id='word_1_751' title='bbox 576 5575 648 5633; x_wconf 83' lang='lat' dir='ltr'>tilde</span> <span class='ocrx_word' id='word_1_752' title='bbox 663 5584 795 5633; x_wconf 85' lang='lat' dir='ltr'>sanctum</span> <span class='ocrx_word' id='word_1_753' title='bbox 809 5575 933 5651; x_wconf 75' lang='lat' dir='ltr'>Chryso·</span> <span class='ocrx_word' id='word_1_754' title='bbox 990 5575 1117 5632; x_wconf 82' lang='lat' dir='ltr'>maximo</span> <span class='ocrx_word' id='word_1_755' title='bbox 1130 5575 1157 5627; x_wconf 89' lang='lat' dir='ltr'>iu</span> <span class='ocrx_word' id='word_1_756' title='bbox 1170 5574 1262 5629; x_wconf 82' lang='lat' dir='ltr'>Vatia.</span> <span class='ocrx_word' id='word_1_757' title='bbox 1277 5579 1297 5626; x_wconf 79' lang='lat' dir='ltr'>a</span> <span class='ocrx_word' id='word_1_758' title='bbox 1310 5579 1339 5630; x_wconf 90' lang='lat' dir='ltr'>et</span> <span class='ocrx_word' id='word_1_759' title='bbox 1350 5574 1380 5639; x_wconf 85' lang='lat' dir='ltr'>il,</span> <span class='ocrx_word' id='word_1_760' title='bbox 1394 5572 1570 5629; x_wconf 84' lang='lat' dir='ltr'>ubiaddrtur</span> <span class='ocrx_word' id='word_1_761' title='bbox 1581 5588 1632 5642; x_wconf 85' lang='lat' dir='ltr'>pro</span> <span class='ocrx_word' id='word_1_762' title='bbox 1645 5575 1820 5656; x_wconf 87' lang='lat' dir='ltr'>argumento</span> 
     </span>
    </p>

    <p class='ocr_par' dir='ltr' id='par_1_14' title="bbox 108 5639 1822 5728">
     <span class='ocr_line' id='line_1_64' title="bbox 108 5639 1822 5728; baseline -0.008 -19"><span class='ocrx_word' id='word_1_763' title='bbox 108 5650 249 5719; x_wconf 63' lang='lat' dir='ltr'>hem,</span> <span class='ocrx_word' id='word_1_764' title='bbox 260 5648 366 5708; x_wconf 88' lang='lat' dir='ltr'>homil.</span> <span class='ocrx_word' id='word_1_765' title='bbox 390 5648 409 5705; x_wconf 81' lang='grc'>3</span> <span class='ocrx_word' id='word_1_766' title='bbox 432 5649 458 5706; x_wconf 89' lang='lat' dir='ltr'>ia</span> <span class='ocrx_word' id='word_1_767' title='bbox 480 5656 551 5715; x_wconf 80' lang='lat' dir='ltr'>Acta</span> <span class='ocrx_word' id='word_1_768' title='bbox 575 5643 786 5722; x_wconf 78' lang='lat' dir='ltr'>apostotorum,</span> <span class='ocrx_word' id='word_1_769' title='bbox 811 5663 879 5718; x_wconf 87' lang='lat' dir='ltr'>cap.</span> <span class='ocrx_word' id='word_1_770' title='bbox 897 5651 933 5710; x_wconf 79' lang='lat' dir='ltr'>i:</span> <span class='ocrx_word' id='word_1_771' title='bbox 990 5646 1075 5728; x_wconf 87' lang='lat' dir='ltr'>epist.</span> <span class='ocrx_word' id='word_1_772' title='bbox 1090 5665 1096 5703; x_wconf 95' lang='lat'>:</span> <span class='ocrx_word' id='word_1_773' title='bbox 1110 5645 1158 5702; x_wconf 87' lang='lat' dir='ltr'>llic</span> <span class='ocrx_word' id='word_1_774' title='bbox 1167 5645 1296 5717; x_wconf 75' lang='lat' dir='ltr'>precipit</span> <span class='ocrx_word' id='word_1_775' title='bbox 1311 5654 1341 5700; x_wconf 87' lang='lat' dir='ltr'>ut</span> <span class='ocrx_word' id='word_1_776' title='bbox 1355 5647 1496 5716; x_wconf 76' lang='lat' dir='ltr'>episcopus</span> <span class='ocrx_word' id='word_1_777' title='bbox 1512 5639 1822 5701; x_wconf 74' lang='lat' dir='ltr'>excommunicas-ccle-</span> 
     </span>
    </p>

    <p class='ocr_par' dir='ltr' id='par_1_15' title="bbox 110 5712 1652 5813">
     <span class='ocr_line' id='line_1_65' title="bbox 110 5712 1652 5813; baseline -0.005 -35"><span class='ocrx_word' id='word_1_778' title='bbox 110 5718 182 5796; x_wconf 61' lang='lat' dir='ltr'>&#39;slq</span> <span class='ocrx_word' id='word_1_779' title='bbox 193 5720 249 5801; x_wconf 65' lang='grc' dir='ltr'>γὰρ</span> <span class='ocrx_word' id='word_1_780' title='bbox 266 5715 398 5778; x_wconf 64' lang='lat' dir='ltr'>measse</span> <span class='ocrx_word' id='word_1_781' title='bbox 410 5716 439 5775; x_wconf 75' lang='grc' dir='ltr'>ἂν</span> <span class='ocrx_word' id='word_1_782' title='bbox 453 5722 521 5813; x_wconf 51' lang='grc' dir='ltr'>γίνῃ,</span> <span class='ocrx_word' id='word_1_783' title='bbox 535 5712 722 5788; x_wconf 45' lang='lat' dir='ltr'>eradicari</span> <span class='ocrx_word' id='word_1_784' title='bbox 733 5720 775 5778; x_wconf 72' lang='lat' dir='ltr'>tra</span> <span class='ocrx_word' id='word_1_785' title='bbox 788 5722 933 5794; x_wconf 56' lang='lat' dir='ltr'>seuram</span> <span class='ocrx_word' id='word_1_786' title='bbox 990 5733 1083 5777; x_wconf 82' lang='lat' dir='ltr'>recem</span> <span class='ocrx_word' id='word_1_787' title='bbox 1095 5733 1146 5793; x_wconf 84' lang='lat' dir='ltr'>pre</span> <span class='ocrx_word' id='word_1_788' title='bbox 1161 5717 1279 5796; x_wconf 78' lang='lat' dir='ltr'>injuriis</span> <span class='ocrx_word' id='word_1_789' title='bbox 1291 5716 1352 5776; x_wconf 83' lang='lat' dir='ltr'>scis</span> <span class='ocrx_word' id='word_1_790' title='bbox 1365 5715 1527 5775; x_wconf 78' lang='lat' dir='ltr'>asttcreao</span> <span class='ocrx_word' id='word_1_791' title='bbox 1542 5714 1652 5770; x_wconf 81' lang='lat' dir='ltr'>audeat.</span> 
     </span>
    </p>
   </div>
   <div class='ocr_carea' id='block_1_4' title="bbox 0 0 1965 6148">
    <p class='ocr_par' dir='ltr' id='par_1_16' title="bbox 0 0 1965 6148">
     <span class='ocr_line' id='line_1_66' title="bbox 0 0 1965 6148; baseline 0 0"><span class='ocrx_word' id='word_1_792' title='bbox 0 0 1965 6148; x_wconf 95' lang='lat' dir='ltr'> </span> 
     </span>
    </p>
   </div>
  </div>
 </body>
</html>
