3908 6156
121 418 162 479 ιι
614 396 618 405 ’
723 416 869 481 senari
891 412 1075 481 auuoonu
1098 414 1225 479 unam
1782 416 1822 478 es

117 552 218 621 verbo,
230 548 355 625 singulis
364 551 569 625 compassione
579 551 743 623 proximus,
752 568 812 623 prae
822 550 937 606 cunctis
953 552 976 617 Α
991 553 1079 622 pectu
1092 555 1218 623 gestare,
1232 556 1278 608 ost
1292 552 1496 623 subjectorum
1505 568 1610 608 causas
1622 570 1676 624 pro
1692 553 1755 611 sola
1769 558 1813 612 iu-

117 640 373 713 contemplatione
386 656 558 713 suspensus.
569 639 644 696 bene
657 638 811 713 agentibus
821 654 875 710 per
886 638 944 695 hu·
994 639 1072 695 terni
1079 639 1190 711 judicis
1201 640 1367 697 intentione
1378 641 1537 709 discutere,
1550 647 1582 695 ut
1592 642 1668 697 nibil
1680 659 1712 699 sc
1723 644 1750 699 ei
1762 645 1814 700 tln·

118 730 278 786 militatem
294 730 403 794 sacius,
419 733 523 785 contra
542 727 782 800 delinquentium
797 726 869 782 vitia
890 742 945 799 per
995 730 1149 786 manitatis
1173 730 1336 787 admisceat
1359 732 1390 786 in
1412 733 1468 787 boc
1487 731 1566 804 qnod
1590 732 1689 788 divina
1704 735 1819 806 positus

120 818 214 873 aetum
227 817 350 890 justitiae
362 817 683 879 erectus.iuternornm
697 830 799 871 curam
814 815 844 869 in
860 821 944 871 exte·
994 818 1056 873 vice
1072 818 1233 889 dispensat,
1249 837 1286 876 ne
1302 821 1499 893 correptionis
1513 822 1547 889 (et
1571 821 1669 876 studia
1684 824 1818 891 privatus

122 907 232 963 riorem
249 907 442 978 occupatione
451 923 510 962 non
521 906 668 965 minuens.
684 904 863 960 exteriorum
876 922 945 975 pro·
995 902 1081 959 dolor
1091 911 1255 978 exasperet.
1266 908 1398 978 Cumque
1409 906 1612 962 contraalieua
1622 908 1690 962 uitia
1699 910 1819 963 inmuta-

120 996 284 1052 uidentiam
301 997 330 1051 in
354 996 540 1051 internorum
562 992 762 1050 sollicitudine
782 1010 843 1049 non
858 993 945 1049 relin-

121 1102 227 1157 quens·
246 1085 302 1141 Sed
321 1086 384 1141 lioec
399 1102 464 1157 qum
480 1083 607 1139 breviter
630 1081 834 1138 enumerando
859 1099 942 1154 pers·

122 1175 293 1241 trinximus,
309 1174 397 1246 paulo
412 1172 501 1228 latius
520 1170 692 1243 replicando
708 1171 898 1227 disseremus.

366 1261 483 1317 CAPUT
497 1261 521 1314 ll
539 1260 591 1332 [at.
607 1260 692 1331 xtttt.

278 1353 310 1407 m
324 1356 413 1406 rector
425 1350 593 1419 capitatione
606 1351 642 1403 sit
658 1349 786 1405 mundus.

155 1445 261 1498 Rector
274 1455 392 1511 semper
406 1437 583 1510 cogitatione
591 1438 630 1493 sit
644 1437 785 1506 mundns,
794 1444 941 1510 quatenus

995 994 1822 1068 torostenditurqumsnasuntcxscquutnr,netranquil·

995 1080 1110 1138 litatem
1123 1084 1228 1154 judicii
1238 1092 1289 1140 ιιιιῑ
1299 1085 1394 1141 lateus
1406 1085 1515 1141 invidia
1531 1086 1669 1152 maculet,
1684 1093 1733 1141 ant
1746 1105 1819 1158 prm-

997 1183 1067 1240 ceps
1082 1170 1126 1224 ira
1150 1171 1312 1242 perturbet.
1333 1171 1389 1227 Sed
1408 1171 1478 1226 duur
1501 1170 1706 1226 consideratur
1722 1178 1816 1227 terror

995 1258 1120 1329 ejusqui
1136 1260 1336 1331 superomnia
1349 1259 1500 1332 praesidet,
1511 1259 1763 1331 videlicetjndicis
1775 1261 1817 1314 in-

995 1346 1072 1413 timi,
1085 1364 1144 1402 non
1160 1348 1224 1404 sine
1237 1366 1342 1422 niagno
1356 1354 1497 1422 regantur
1508 1349 1613 1403 timore
1624 1348 1819 1417 subjectioni

995 1435 1135 1491 nimirum
1147 1436 1235 1492 timor
1245 1437 1315 1494 dum
1324 1445 1455 1494 mentem
1463 1437 1586 1494 rectoris
1597 1436 1819 1507 humiliatpur-

119 1532 204 1588 nulla
213 1526 622 1600 huncimmuuditiapolluat,
630 1528 680 1599 qni
691 1528 747 1584 hoc
756 1528 886 1600 suscepit
896 1529 941 1584 oi·
995 1525 1178 1598 gat3nehanc
1193 1531 1244 1582 aut
1259 1528 1451 1599 praesumptio
1466 1526 1587 1598 spiritns
1603 1526 1744 1594 leuet,ant
1754 1543 1818 1580 car-

117 1620 189 1686 ticli,
200 1624 233 1674 nt
247 1617 392 1673 inalienis
402 1631 521 1688 quoque
530 1616 671 1673 cordibus
685 1616 861 1689 pollutionis
873 1634 938 1673 rna-
995 1613 1707 1687 nisdelectatioinquinet,uutperterrenarumtb
1718 1631 1817 1670 rerum

117 1706 200 1764 cules
211 1710 315 1778 tergat,
326 1705 395 1776 quia
405 1719 526 1760 necesse
534 1710 689 1761 estntesse
702 1706 813 1761 munda
823 1705 942 1761 studeat
994 1704 1202 1775 incupidincm
1210 1705 1819 1778 importunitaspulveremcogitationisob-

114 1810 301 1865 manusque
312 1792 425 1849 diluere
431 1793 538 1849 'sordes
549 1800 642 1852 curat:
656 1811 716 1850 non
726 1793 804 1851 iacta
815 1810 940 1866 quaeque
995 1797 1172 1863 scurctzqum
1185 1800 1349 1849 tamennon
1360 1794 1479 1866 pulsare
1490 1795 1614 1849 rectoris
1622 1793 1754 1849 animum
1764 1810 1816 1848 ne·

117 1882 249 1939 deterius
256 1882 403 1952 inquinet,
415 1884 453 1953 (a)
461 1883 484 1936 si
500 1882 620 1938 sordida
628 1883 791 1955 insequens
800 1882 937 1953 lutnmtb)
996 1888 1119 1953 queunt.
1128 1882 1179 1936 sed
1195 1883 1334 1938 festinare
1346 1900 1467 1940 necesse
1482 1890 1537 1943 est.
1553 1889 1586 1937 ut
1600 1883 1815 1955 repugnatione

115 1977 207 2029 tenet.
218 1973 290 2028 ilinc
301 1987 430 2043 namque
439 1989 491 2043 per
502 1973 676 2044 prophetam
687 1972 810 2028 dicitnr:
820 1974 937 2028 iiuada·
992 1970 1197 2026 vincantnrne
1211 1971 1310 2027 vitium
1323 1973 1403 2043 qnod
1414 1989 1467 2044 per
1475 1973 1693 2045 suggestionem
1710 1977 1816 2036 tentat,

117 2062 189 2117 mini
201 2063 251 2132 qni
259 2063 340 2128 fertis
353 2078 419 2116 uaso
434 2063 544 2116 Domini
554 2062 627 2125 (lsai.
638 2079 687 2125 ιιι,
701 2065 753 2130 tt).
767 2062 881 2117 Domini
895 2068 939 2117 et·
990 2063 1158 2135 (gunollitie
1167 2062 1371 2121 delectationis
1382 2065 1508 2138 subigat,
1524 2081 1651 2135 cumque
1663 2064 1725 2118 hmo
1736 2063 1773 2117 ab
1784 2082 1817 2117 a·

116 2150 197 2207 enim
206 2149 391 2217 rescierunt,
403 2150 452 2221 qni
463 2151 666 2221 proximorum
678 2150 793 2207 animas
805 2150 842 2206 ud
853 2156 938 2206 mter·
990 2151 1816 2224 nimotarderepellitur,¹‚inmucroneconsensusoccidat.

118 2254 158 2295 na
169 2239 298 2294 sacraria
308 2237 513 2310 perducendas
523 2239 554 2295 in
565 2256 625 2294 suae
636 2239 867 2295 conversationis
880 2239 938 2295 tide
1221 2243 1337 2298 CAPUT
1358 2242 1394 2297 lll
1419 2243 1473 2314 [tl.
1496 2242 1536 2297 XI
1542 2242 1588 2314 VJ.

117 2327 293 2398 suscipiunt.
302 2326 386 2399 Apud
395 2328 571 2399 semetipsos
582 2345 650 2401 ergo
659 2334 804 2400 quamam
813 2328 940 2385 debeant
1075 2330 1110 2385 Ut
1124 2337 1214 2385 rector
1228 2347 1335 2402 semper
1347 2335 1385 2387 sit
1399 2333 1557 2402 operatione
1568 2332 1735 2402 principuus.

116 2416 256 2471 mundari
272 2417 466 2487 conspiciant,
482 2418 532 2489 qui
549 2417 585 2473 ad
601 2418 774 2474 {aternitatis
796 2417 940 2489 templum
1026 2418 1645 2493 Sitrectoroperationepraecipuus,ntvitoe
1656 2421 1731 2474 viam
1744 2418 1817 2473 snb·

116 2521 186 2561 vasa
200 2505 327 2560 viventia
343 2506 374 2560 in
389 2506 457 2560 sinu
481 2506 608 2578 proprias
623 2507 793 2578 sponsionis
810 2513 939 2579 portant.
992 2505 1061 2562 ditis
1077 2507 1200 2563 vivendo
1217 2508 1420 2567 denuntietet
1430 2526 1499 2582 grex
1512 2509 1561 2579 qni
1577 2509 1704 2581 pastoris
1717 2523 1818 2562 vocem

117 2594 191 2649 ilinc
203 2593 301 2648 divina
311 2609 380 2649 voce
391 2593 676 2666 prmcipituriand.
691 2612 785 2663 nuru,
799 2596 854 2667 15),
867 2596 940 2653 utin
993 2612 1149 2668 maresque
1165 2599 1310 2668 sequitur,
1326 2616 1380 2671 per
1395 2598 1530 2669 exempla
1541 2598 1646 2653 melius
1662 2613 1751 2668 qnam
1767 2613 1821 2667 per

118 2685 217 2739 Aaron
228 2689 347 2756 pectore
358 2684 502 2739 rationale
509 2683 615 2755 judicii
627 2686 706 2741 vittis
715 2686 874 2758 ligantibus
886 2687 940 2742 im·
991 2684 1081 2740 verba
1092 2685 1309 2755 gradiatur.Qni
1321 2688 1400 2743 enim
1413 2687 1468 2743 ioci
1480 2688 1525 2742 sui
1538 2687 1716 2743 necessitate
1725 2685 1817 2757 exigi-

119 2773 278 2847 primatnr,
293 2778 441 2844 qnatenus
451 2773 487 2845 (c)
498 2773 680 2830 sacerdotale
695 2791 941 2848 corneqnaquam
994 2779 1042 2829 tur
1052 2773 1343 2842 summadicere,liac
1354 2777 1458 2833 eadem
1470 2777 1646 2833 necessitate
1662 2773 1820 2845 compelli·

120 2861 315 2935 cogitationes
330 2862 417 2917 tlnxm
432 2863 613 2933 possideant.
626 2863 677 2919 sed
688 2866 764 2920 ratio
779 2865 843 2922 sala
853 2883 941 2922 cons·
994 2866 1165 2918 tnrsnmma
1177 2867 1543 2937 monstrare.llicnamqne
1552 2882 1606 2920 uox
1617 2864 1758 2919 libentius
1766 2879 1821 2917 au·

118 2953 228 3023 tringat
244 2968 252 3014 ;
267 2966 321 3006 nec
338 2949 532 3007 indiscretum
548 2953 618 3023 quid
638 2954 682 3009 vel
699 2954 805 3011 inutile
821 2955 940 3023 cogitet,
994 2949 1123 3007 diturum
1136 2969 1187 3007 cor
1201 2958 1347 3023 penetrat,
1359 2971 1447 3025 quain
1457 2954 1582 3009 dicentis
1592 2953 1652 3007 vita
1663 2967 1819 3007 commen-

123 3040 174 3111 qui
191 3039 228 3095 ad
238 3041 409 3113 exemplum
423 3041 488 3097 aliis
503 3044 691 3109 constitutus,
703 3061 738 3100 ex
752 3046 892 3118 gravitate
902 3046 943 3101 ri·
994 3038 1214 3111 datqniaqnod
1229 3039 1721 3113 101111111ῐᾶ0Ῑῐῐψθΐῑῑῑιθῦῗθηᾶθῦᾱθ
1738 3039 1821 3109 adiu·

122 3132 161 3186 tm
175 3146 293 3201 semper
303 3128 391 3186 debet
400 3130 557 3187 ostendere
567 3138 708 3205 quantam
726 3135 757 3189 in
773 3141 944 3207 pectorpra.
996 3132 1043 3183 vat
1056 3134 1089 3182 ut
1103 3128 1329 3185 tlat.llincenim
1346 3131 1583 3201 perprophetam
1599 3129 1717 3184 dicitur:
1729 3130 1818 3196 Super

121 3218 235 3275 tionem
251 3224 357 3291 portet.
373 3220 406 3275 ln
430 3236 488 3292 quo
513 3222 602 3277 etiam
627 3222 764 3280 rationali
789 3224 945 3295 vigilanter
997 3216 1817 3289 montemencatsumascendeinquienaupeliaas.t'ion.(tsai.

125 3307 342 3381 udJnngitur,ut
351 3307 506 3366 duodecim
517 3312 753 3382 patriarcharum
766 3314 888 3371 nomina
897 3315 948 3371 de.
960 3283 986 3350 G
1000 3310 1084 3372 xant.
1096 3308 1133 3363 Ut
1148 3306 1282 3362 videlicet
1297 3308 1346 3379 qui
1363 3308 1473 3364 cmlesti
1491 3307 1700 3379 praedicatione
1717 3306 1820 3375 utitur,

119 3396 299 3454 scribantur.
311 3398 464 3472 ascriptos
485 3401 596 3457 etenim
610 3406 709 3472 patres
724 3405 882 3475 semperin
895 3420 946 3476 pe·
999 3393 1055 3449 ima
1066 3396 1745 3466 jssfflitrresstlfflffl⁰lt⁰f⁰md080rtsssdllr⁰ffiffl
1756 3394 1820 3448 ⁰¹¹¹·

124 3490 205 3543 olore
219 3486 308 3555 ferre,
318 3493 362 3544 cst
373 3489 564 3559 antiquorum
575 3490 662 3545 vitam
675 3492 737 3546 sine
751 3491 948 3548 intermissio.
1000 3484 1080 3539 mine
1097 3490 1174 3540 stare
1189 3484 1331 3551 ridentum
1345 3490 1486 3555 tantoque
1501 3483 1619 3539 facilins
1634 3481 1768 3537 subditos
1784 3479 1821 3535 nd

123 3592 161 3632 ne
179 3575 318 3647 cogitare.
336 3577 636 3634 Namtuncsacerdos
647 3578 948 3651 irreprehensibiliter

123 3664 266 3736 graditur.
275 3680 341 3719 cnm
354 3665 489 3736 exempla
499 3671 615 3736 patrum
624 3667 854 3738 praecedentium
866 3668 947 3725 inde-

123 3752 946 3829 sinenterintnetur,cumsanctorumvestigiasineces·

126 3839 425 3910 sationeconsiderat,
434 3846 463 3896 et
472 3842 946 3918 cogitationesillicitasdeprimit.

124 3946 163 3986 ne
177 3934 260 3985 extra
275 3928 389 3985 ordinis
404 3929 529 3987 limitem
545 3932 643 4004 operis
659 3932 764 4005 pedem
779 3935 818 4006 (d)
834 3935 945 3991 tendat.

124 4018 208 4086 Quod
219 4017 296 4074 bene
308 4019 397 4074 etiam
408 4020 553 4077 rationale
558 4021 664 4093 judicii
676 4029 804 4092 vocatur,
815 4025 885 4096 qnia
896 4024 948 4081 de-

124 4108 176 4163 bet
189 4113 270 4163 recto
287 4107 389 4163 subtili
405 4125 524 4181 semper
547 4111 683 4166 examine
707 4110 788 4168 bona
810 4114 947 4185 malaque

126 4196 348 4262 discernerent
363 4214 429 4269 qum
439 4197 482 4253 vel
494 4198 614 4270 quibus,
630 4200 749 4271 quando
764 4201 809 4256 vel
821 4202 949 4272 qualiter

127 4290 301 4357 congruant,
327 4285 457 4342 studiose
473 4288 600 4354 cogitare
617 4288 775 4361 :nihilque
795 4292 947 4362 proprium

127 4373 391 4446 quarere,sedsna
399 4376 557 4434 commoda
568 4378 802 4450 propinquorum
813 4379 891 4436 bona
902 4379 950 4436 de·

128 4466 242 4534 putare.
254 4461 337 4518 Unde
349 4462 558 4536 illicscriptum
570 4470 715 4522 estzt’oncs
725 4469 851 4523 autemin
861 4470 950 4524 rati-t·

130 4550 190 4605 nali
197 4550 303 4620 judicii
316 4551 470 4608 doctrinam
484 4560 510 4608 et
522 4556 674 4623 ueritatem,
690 4571 751 4626 qun
765 4563 847 4612 erum
860 4558 891 4612 iu
899 4574 949 4628 pe·

1000 3572 1124 3628 meliora
1139 3573 1414 3644 pertrabat‚qnanto
1426 3589 1477 3644 per
1487 3574 1552 3626 vitae
1569 3572 1707 3625 meritum
1719 3568 1755 3625 de
1766 3585 1820 3623 sn·

999 3663 1099 3737 pernis
1114 3661 1310 3717 clematitinc
1324 3660 1423 3717 divina
1437 3662 1499 3733 lege
1514 3677 1630 3717 armum
1646 3659 1784 3714 sacerdos
1794 3659 1824 3713 in

999 3751 1178 3810 sacrificinm
1189 3756 1219 3805 et
1233 3748 1370 3806 dextrum
1386 3750 1494 3822 accipit
1509 3755 1538 3805 et
1549 3748 1822 3821 separatumiumd.

999 3843 1173 3911 resinatum
1184 3855 1243 3894 uon
1254 3840 1351 3895 solum
1363 3842 1475 3912 sitejns
1486 3841 1618 3913 operatio
1629 3838 1721 3900 utilis.
1731 3838 1782 3894 sed
1791 3854 1820 3892 c·

1000 3927 1825 4002 tiamsingnlaris3uecintermalostantnmmodoquiere·

1001 4019 1284 4085 consummantem
1297 4018 1497 4089 huncquoque
1510 4021 1669 4090 operantes
1680 4016 1825 4082 subditos,

1001 4107 1350 4178 sicntbonoreijlordinis
1361 4107 1633 4178 superat,itaetiam
1646 4121 1762 4160 marum
1774 4104 1828 4159 rir-

1001 4203 1063 4254 tute
1080 4198 1282 4254 transcendat
1291 4199 1344 4253 Cui
1360 4200 1391 4253 in
1416 4215 1469 4254 esu
1484 4215 1603 4270 qnoque
1618 4195 1823 4268 pectusculum

1001 4304 1069 4344 cum
1081 4303 1160 4343 armo
1170 4287 1318 4348 tribuitur.
1328 4287 1446 4359 utqnod
1457 4288 1492 4343 de
1504 4286 1649 4344 sacrificio
1658 4284 1829 4358 praecipitur

1001 4393 1130 4442 sumere,
1143 4378 1366 4448 liocsemetipso
1378 4377 1491 4433 auctori
1508 4376 1603 4433 discat
1615 4373 1780 4431 immolare.
1794 4374 1829 4426 Et

1002 4484 1062 4523 uon
1078 4466 1174 4522 solnm
1193 4467 1230 4538 tl)
1245 4473 1363 4539 pectore
1378 4483 1444 4538 qnae
1460 4472 1539 4524 recta
1555 4472 1625 4522 sunt
1639 4465 1759 4536 cogitet.
1774 4461 1826 4518 sed

1003 4562 1183 4629 spectatores
1196 4573 1266 4612 snos
1280 4556 1316 4611 ad
1333 4556 1472 4612 sublimia
1486 4571 1570 4611 arma
1583 4555 1682 4626 operis
1698 4551 1802 4606 invitet
1817 4566 1823 4604 :

128 4640 301 4695 ctoredaron
311 4640 703 4712 quandoinpredieturcoram
715 4645 840 4713 Domino,
857 4653 951 4717 elpes·
967 4646 990 4713 ss
1006 4646 1240 4720 nullaprospera
1250 4639 1828 4718 praescntisvita*appetat,nutlaadversa

132 4729 205 4784 tabit
209 4729 350 4799 judicium
356 4731 478 4799 fitiorum
487 4733 574 4788 lsrael
583 4734 613 4787 in
618 4740 729 4804 pectore
735 4737 819 4791 naoin
827 4752 951 4807 conspee-
1003 4736 1204 4809 pertimescat;
1215 4734 1418 4791 blandimenta
1428 4733 1567 4801 munditlt
1579 4735 1711 4802 respecto
1722 4727 1828 4783 intimo

132 4824 162 4874 tu
178 4818 285 4873 Domini
299 4834 404 4890 semper
416 4820 510 4883 ttbtd..
522 4821 577 4890 30).
587 4821 736 4878 Sacerdoti
752 4825 861 4897 qnippe
874 4823 954 4895 judi·
1003 4825 1126 4882 terroris
1142 4824 1296 4896 despiciat,
1311 4830 1438 4879 terrores
1461 4828 1562 4878 autem
1578 4818 1763 4875 considerato
1779 4817 1828 4871 in-

130 4907 209 4963 ciam
219 4906 348 4964 illiorum
362 4909 449 4964 lsrael
459 4909 488 4964 in
500 4916 618 4983 pectore
629 4928 727 4969 coram
739 4914 856 4969 Domini
866 4930 953 4971 cons·
1004 4920 1096 4971 ternae
1108 4914 1273 4970 dulcedinis
1282 4912 1486 4970 blandimento
1495 4906 1764 4967 contemnat.Unde
1776 4924 1829 4963 sn·

167 5049 205 5120 (a)
222 5050 326 5115 vatic..
341 5052 544 5123 praeeuntibus
558 5054 650 5110 Paris.
669 5057 748 5122 1518,
764 5056 796 5111 Gi
810 5063 850 5113 ot.
867 5063 896 5113 et
911 5057 951 5114 al.
1040 5064 1078 5131 (p)
1093 5062 1211 5117 Carnot.
1229 5064 1255 5127 t,
1270 5058 1380 5115 malitia
1393 5054 1560 5124 dilectionis,
1577 5053 1651 5110 dud.
1671 5058 1697 5122 t,
1717 5051 1830 5107 malitia

132 5119 196 5189 ud,
211 5122 237 5175 si
249 5121 361 5177 sordiba
375 5123 405 5179 in
420 5138 449 5180 ee
460 5141 544 5180 meus.
560 5126 736 5199 Repugnaut
750 5127 836 5200 Augl.
853 5134 882 5183 et
896 5145 951 5186 no·
1005 5134 1203 5190 delectationis.

132 5192 184 5249 stri
202 5194 268 5247 Mss-
1035 5204 1083 5330 qb)
1099 5206 1217 5260 Carnot.
1234 5204 1261 5256 2.
1279 5206 1309 5257 et
1323 5198 1430 5256 Bellon.
1448 5200 1549 5254 Vereor
1562 5214 1596 5252 ne
1611 5209 1755 5253 consensus
1769 5210 1832 5249 sua-

180 5264 207 5328 b)
219 5264 336 5319 Cernat.
354 5267 514 5335 secundus,
531 5276 635 5325 manet.
1005 5292 1035 5333 ce
1056 5282 1097 5331 ut.

1040 5346 1074 5417 (ἰ)
1091 5346 1208 5402 Primus
1222 5344 1311 5411 naa,
1326 5342 1357 5398 in
1369 5344 1518 5399 caelestium
1532 5358 1634 5397 rerum.

1042 5419 1076 5486 ti)
1093 5418 1224 5473 Vueden.
1241 5413 1391 5471 secundus
1412 5420 1492 5471 caret
1504 5430 1573 5469 vore
1590 5410 1705 5468 ordinis.

180 5334 204 5399 cl
219 5338 253 5390 ln
274 5337 359 5393 Corb.
378 5340 525 5395 rationale.

169 5407 209 5471 (dl
226 5406 299 5462 tud.
315 5409 439 5479 primus,
454 5416 551 5480 ponat.

168 5478 204 5546 (el
221 5478 337 5534 Carnot.
353 5482 477 5551 primns.
490 5489 520 5537 et
534 5481 647 5552 primus
664 5484 750 5553 And,
762 5487 863 5542 studio.

170 5551 204 5616 tt)
220 5549 273 5604 llic
287 5549 468 5608 dissentiunt
487 5555 553 5608 ltss.
569 5552 654 5608 Corb.
682 5555 781 5618 babet.
797 5558 955 5629 cupidinem

132 5619 251 5692 pollutae
272 5622 409 5689 pulverea
423 5625 506 5692 cogit.
522 5625 642 5679 carnot.
657 5624 822 5697 Secundus,
839 5628 956 5699 polluta

133 5689 323 5759 capitationis,
343 5694 453 5750 omisso
465 5694 543 5765 pnto.
560 5694 623 5750 Duo
636 5696 719 5768 prior
741 5700 854 5757 uomet.
874 5700 955 5771 cupi·

134 5763 259 5827 aticum,
273 5764 341 5835 imp.
357 5764 474 5836 puluere
486 5780 546 5837 coo.

1041 5490 1080 5557 (lt)
1096 5489 1148 5544 llic
1162 5487 1287 5545 laansin
1295 5487 1429 5543 Audoen.
1442 5487 1549 5557 primo,
1562 5489 1592 5540 ot
1606 5483 1699 5556 primo
1711 5480 1830 5536 Carnot.

1006 5558 1115 5632 legitur
1128 5559 1193 5615 sine
1208 5560 1263 5615 hac
1278 5575 1348 5614 voce
1362 5565 1482 5627 pectora.

1008 5630 1195 5759 'eqqnlaaffi
1208 5637 1332 5701 respectu
1356 5632 1448 5685 intimi
1472 5629 1593 5685 terroris.
1608 5625 1697 5680 Favet
1714 5624 1833 5679 Camct.
