3908 6156
124 208 199 300 teet

523 219 800 288 uptsuouttttuti
822 222 855 283 S.
878 217 1061 283 GRliGOlill
1082 218 1215 283 VARIAE
1234 215 1419 283 TABHLAE.

1748 224 1828 287 tata

125 368 351 442 niaadjiciantet
360 360 556 434 eorumquiin
565 357 661 416 laicali
670 353 945 414 ordineoonaietunl
959 353 987 421 Α
1045 354 1083 410 De
1097 352 1230 424 rnoribua,
1250 353 1308 409 uita
1321 361 1348 411 et
1359 326 1447 411 morta
1460 354 1575 426 toaptn‘
1586 356 1676 427 primi
1688 371 1781 429 papae.

124 457 350 525 observantiam,
368 454 445 510 eicut
460 450 533 520 loco,
549 449 588 504 ito
604 448 743 523 religione
768 443 942 518 praecellant.

160 550 201 607 De
214 549 276 621 ipsa
295 560 364 601 vero
384 543 432 599 die
451 537 601 596 [lominica
621 537 790 593 baaitamua
805 534 944 607 quidnam

123 638 279 697 dicendum
295 637 345 703 eit,
369 647 432 688 oum
458 644 560 686 omnee
583 625 649 683 laici
671 629 699 681 ei
722 623 876 681 eecularee
893 620 945 677 illa

124 727 171 785 die
198 727 266 800 plue
289 723 375 781 eolito
404 719 517 778 cetaria
546 715 648 773 diebua
672 715 835 770 accuratius
863 710 945 766 ciboe

123 816 256 875 carnium
273 817 431 887 appelant;
457 816 484 864 11
499 807 556 863 niei
577 822 649 862 nova
665 804 791 876 quadarn
808 800 945 859 ..viditate

124 922 219 980 neque
233 904 269 962 ad
287 902 414 959 mediam
436 903 548 955 noctem
578 911 609 952 ae
632 892 824 966 ingurgitent,
840 889 944 949 18118

123 1015 182 1057 non
197 995 281 1054 aliter
295 1010 325 1050 ee
347 992 437 1063 bujue
457 987 531 1046 sacri
553 984 693 1059 temporie
712 982 945 1041 observationem

122 1086 271 1158 euacipere
287 1085 400 1155 putant.
413 1079 494 1144 Quod
512 1076 612 1148 utique
628 1089 686 1131 non
701 1072 819 1141 rationi,
835 1073 884 1129 aad
898 1089 946 1129 uo·

121 1173 238 1249 luptati,
253 1173 313 1229 imo
329 1170 444 1227 cuidam
462 1167 568 1222 mentia
591 1162 712 1221 cacitati
739 1161 943 1220 ascribendum

121 1269 183 1335 eet;
199 1263 277 1320 unda
301 1277 353 1318 nec
369 1259 452 1316 atati
477 1252 689 1313 conauetudine
705 1253 793 1308 averti
809 1254 944 1324 poaeunt,

70 1396 73 1401 -
121 1359 151 1412 at
166 1353 230 1410 ideo
245 1366 312 1409 oum
326 1348 410 1406 venio
434 1362 487 1403 suo
509 1342 627 1418 ingenio
651 1341 837 1413 relinquendi
863 1347 944 1411 eunt,

1137 443 1179 506 (d)
1193 442 1230 493 lix
1243 446 1348 493 retuato
1363 444 1457 495 codiee
1471 444 1584 509 Regiatri
1598 446 1685 497 uncti

1045 506 1164 571 Gregorii
1179 519 1258 570 papea
1272 505 1301 556 in
1315 507 1477 558 bibliotheca
1490 508 1777 562 Vaticanaaaaervato

1036 605 1175 677 tigapitua
1190 622 1263 677 papa
1288 621 1338 662 raa
1361 605 1548 674 catholicum,
1569 606 1719 681 Evangelii
1744 610 1825 678 tuba,

999 711 1093 768 preco
1104 695 1238 766 laetitia,
1258 710 1342 752 eacra
1356 694 1458 753 altaria
1471 696 1609 770 cedisque
1625 699 1732 757 ma
1746 698 1825 758 vela·

999 785 1078 839 mina
1092 783 1243 857 sacrilegia
1258 783 1391 840 anthimi
1406 784 1515 843 inlecta
1529 786 1637 845 labulie
1652 789 1715 844 auia
1729 788 1826 847 catho-

999 855 1019 911 ii
1035 857 1078 912 cia
1093 855 1229 928 precibus
1244 854 1319 911 eluit
1333 857 1382 927 (De
1395 872 1516 914 coaaeca
1531 857 1597 918 diat.
1615 861 1640 931 l,
1655 860 1753 933 123).

1034 944 1365 1073 11111111111111ιᾳὶὺ1
1375 943 1529 1074 ι1111111ἷέ11
1543 963 1560 1004 ιι
1574 949 1654 1007 ioan.
1669 950 1791 1009 oweno

1322 1034 1333 1073 ι
1353 1061 1359 1074 .
1388 1035 1408 1087 ι,
1423 1034 1447 1074 c.
1502 1061 1509 1075 .

1036 1105 1140 1163 liuttoa
1155 1121 1189 1161 ex
1202 1103 1400 1163 eccleciaetioa
1413 1122 1464 1163 eeu
1477 1107 1609 1165 eacutari
1621 1108 1728 1167 militia
1742 1111 1823 1169 novi-

1000 1209 1068 1250 mue
1083 1195 1120 1251 ad
1144 1194 1355 1267 omnipotentie
1374 1195 1425 1252 Dei
1449 1196 1597 1255 cerritium
1620 1198 1773 1271 leetiuaro,
1787 1204 1820 1259 ut

999 1283 1036 1341 ab
1050 1283 1181 1340 humana
1204 1284 1342 1341 servitute
1366 1284 1461 1355 liberi,
1479 1285 1623 1344 indiviae
1648 1289 1768 1347 servitio
1782 1292 1821 1347 ri·

999 1373 1125 1430 dmniur
1157 1372 1329 1431 familiarius
1361 1373 1391 1430 in
1424 1376 1612 1435 monasteriis
1641 1380 1818 1439 conversari.

121 1459 158 1500 ne
188 1444 260 1500 totle
284 1443 397 1512 peimi
421 1437 558 1502 0¹l⁸l³¹¹lr
584 1433 609 1489 ‘i
629 1448 647 1488 ⁸
666 1429 718 1487 ³⁸¹³
733 1431 961 1535 ⁰⁰⁰⁸⁰⁰¹⁰di¹¹⁰‚
998 1461 1076 1526 Quoe
1090 1462 1115 1518 ei
1138 1462 1248 1533 paeaim
1272 1462 1458 1532 dimittimus,
1475 1465 1614 1523 omnibue
1628 1467 1762 1542 fugiendi
1775 1487 1821 1528 eo·

121 1531 341 1603 prohibeantur.
358 1526 395 1583 Ut
409 1525 488 1581 enim
513 1524 555 1579 ait
568 1521 708 1579 Salomon
732 1536 738 1575 :
760 1521 811 1589 Qut
826 1521 945 1576 muttum

119 1620 254 1691 emungit,
272 1618 348 1675 elicit
361 1614 530 1684 sanquinem
545 1610 639 1684 (Pron.
654 1625 722 1676 xxx,
737 1607 795 1680 33).

156 1748 188 1804 lit
202 1748 262 1820 poet
277 1759 378 1814 pcuec.

155 1851 211 1908 Par
225 1854 323 1907 autem
339 1852 383 1904 eat
398 1843 550 1917 atquibus
566 1842 668 1899 diebue
695 1858 711 1897 a
727 1856 813 1897 carne
827 1839 940 1898 anima·

118 1940 191 1997 lium
206 1939 401 2003 abetinemua,
417 1935 453 1993 ab
475 1931 613 1991 omuibus
627 1945 745 2004 quoque
761 1947 828 2003 quae
842 1930 881 2002 (b)
896 1946 942 1988 ae-

119 2029 283 2087 mentinam
306 2025 404 2084 carnia
432 2022 553 2080 trahunt
585 2020 739 2093 originem,
759 2020 940 2092 jejunemus,

119 2118 194 2177 lacte
208 2117 353 2185 videlicet,
370 2129 466 2185 caeao,
482 2119 510 2169 ct
523 2110 596 2170 avie.

153 2246 187 2301 Et
201 2250 262 2316 post
276 2256 375 2314 pauca.

153 2352 296 2408 Caeterum
313 2347 437 2421 placium
453 2346 501 2416 ina
516 2343 556 2400 ita
573 2341 737 2401 Christiano
753 2342 939 2414 relinquitur,

118 2440 213 2499 utboo
228 2439 254 2496 ei
269 2436 449 2494 infirmitatle
464 2432 613 2502 eolatium,
627 2447 685 2488 non
711 2431 831 2488 luxuria
846 2431 941 2504 pariat

117 2530 298 2589 incendium.
317 2526 447 2596 Denique
462 2523 511 2596 qui
531 2538 547 2579 a
570 2537 657 2578 carne
672 2521 810 2592 abetinet,
828 2537 939 2594 nequa·

119 2636 207 2693 quam
220 2618 255 2692 (c)
267 2613 485 2686 sumptuosiora
494 2613 672 2668 marinarum
690 2609 855 2667 belluarum
870 2626 940 2668 oon·

119 2708 195 2766 vivia
210 2709 360 2781 preparet.

155 2799 263 2856 Vinum
279 2807 396 2869 quoque
420 2792 461 2848 ita
477 2791 577 2848 bibere
593 2789 783 2863 permittitur,
800 2796 831 2846 ut
845 2790 940 2847 ebrie·

119 2891 208 2947 tatem
224 2885 345 2944 omnino
370 2881 528 2954 lugiamue,
551 2878 660 2952 alioqui
683 2884 772 2935 reetat
797 2877 941 2937 utomnia

119 2996 182 3053 qua
197 2976 311 3053 corpori
324 2974 418 3033 libant
433 2970 568 3030 similiter
582 2969 736 3029 iaciamus.

11 3194 14 3199 ι
118 3220 279 3281 servatione
295 3235 302 3275 :
319 3214 562 3292 lugeamuanobie
575 3212 684 3286 aliquid
698 3213 736 3269 ad
750 3213 861 3269 solitam
874 3230 940 3286 pen-

117 3299 190 3354 aiurn
199 3293 339 3351 servitutis
362 3291 472 3346 111111.
487 3288 553 3345 Jem
578 3302 655 3359 cape
672 3285 882 3342 admonuimue
895 3285 939 3342 ia-

118 3367 232 3424 miliare
243 3379 307 3421 eaeo
322 3361 458 3433 Gregorio
479 3357 584 3432 regula
598 3358 690 3415 nancti
705 3357 853 3415 Benedicti
869 3373 939 3415 aen·

11 3482 20 3491 -
117 3437 223 3497 tentiae
239 3441 268 3492 et
282 3436 347 3506 ipea
361 3431 448 3488 verba
464 3446 613 3502 usurpare.

153 3508 181 3579 (b
208 3506 264 3578 at,
279 3505 467 3563 contentivam.

153 3588 180 3654 tc
201 3580 266 3636 llaec
281 3594 332 3650 pro
357 3571 541 3648 Gregoriauie
564 3571 687 3628 babebat
701 3570 786 3627 Joan.
809 3572 937 3644 Baptista

19 3650 23 3659 ’
116 3655 302 3719 Mantuanus,
319 3662 385 3707 cum
410 3649 439 3703 in
455 3648 586 3717 poemate
601 3643 636 3700 de
650 3642 878 3716 Quadrageeima
890 3660 939 3701 0⁸.

117 3724 206 3783 nebat
222 3739 229 3779 ε

152 3817 213 3872 lton
226 3816 318 3869 tomen
332 3806 464 3864 illicitum
479 3807 564 3877 pieeea
577 3803 708 3860 adbibere
717 3802 861 3868 minutor:

154 3883 298 3957 Gregorius
311 3895 425 3950 maqnos
440 3877 574 3950 probibet,
589 3877 637 3932 aad
652 3876 760 3944 tonaior
771 3891 837 3931 uana

154 3957 266 4013 Obstitit
280 3958 306 4011 et
319 3954 397 4024 ponti
407 3949 543 4023 pecuaria
557 3962 661 4016 mcpna
675 3962 725 4014 per
738 3961 832 4028 aranea

151 4028 213 4085 lam
226 4026 343 4082 11111111
354 4036 521 4094 procerarum
533 4034 652 4088 atenaca,
663 4021 688 4074 et
698 4017 820 4091 prandea
831 4032 936 4088 rapum.

151 4096 270 4155 Sordida
284 4095 413 4165 Gregorii
427 4094 501 4164 tepea
514 4090 640 4147 observat
651 4094 770 4159 apertos.
843 4160 849 4173 Ι

152 4169 193 4244 (d)
209 4168 251 4224 lta
265 4166 399 4223 affimant
415 4162 535 4219 Romani
552 4164 726 4218 correcturae
743 4162 851 4217 decreti
867 4160 937 4243 Gra·

116 4240 199 4310 tiani,
215 4254 305 4310 panea
328 4252 400 4309 quoe
423 4234 567 4297 lldeeeit;
589 4248 642 4289 noe
666 4239 766 4290 autem
794 4232 883 4288 nullia
907 4248 938 4287 ιιι

116 4314 187 4372 1111.
200 4311 264 4368 brec
279 4309 443 4382 fragmenta
457 4304 632 4361 invenimue.

151 4382 310 4459 Epietolam
321 4380 357 4437 ad
368 4377 538 4448 Venerium,
547 4376 718 4449 episcopum
730 4375 937 4444 Caralitanum,

999 1551 1153 1608 cleeiaetioi
1182 1550 1226 1608 vel
1251 1551 1398 1608 secularia
1422 1553 1499 1625 juria
1510 1555 1678 1614 dominium
1693 1559 1820 1618 occaeio·

1000 1657 1066 1697 nam
1089 1642 1263 1714 prebemue.
1286 1641 1317 1698 ei
1345 1658 1410 1701 tero
1427 1643 1599 1703 teatinantee
1625 1648 1663 1704 ad
1687 1650 1819 1722 omnipo·

958 1710 982 1775 Β
997 1730 1086 1786 111111
1109 1730 1158 1786 itai
1182 1731 1333 1787 eervitium
1357 1731 1475 1789 incaute
1491 1734 1664 1805 retinemue,
1681 1737 1819 1796 11111111-

996 1819 1095 1876 aimo·
1118 1835 1223 1892 negare
1249 1821 1383 1893 quadam
1411 1822 1461 1894 qui
1490 1822 1572 1880 dedit
1599 1826 1712 1882 omnia.
1743 1826 1818 1885 Unde

996 1924 1115 1967 neceeee
1129 1913 1173 1965 est
1188 1913 1221 1965 ut
1235 1910 1369 1983 quiaquia
1383 1910 1504 1982 exjuria
1514 1912 1707 1971 ecclesiactici
1716 1915 1818 1973 velea-

995 1998 1101 2055 cularia
1117 1996 1227 2055 militia
1243 1998 1381 2056 cervitate
1404 1998 1442 2056 ad
1457 1999 1508 2057 Dei
1522 2002 1677 2061 servitium
1692 2006 1817 2063 converti

995 2086 1153 2154 deaiderat,
1173 2087 1310 2158 probetur
1325 2088 1407 2160 priua
1423 2088 1452 2146 in
1472 2088 1547 2148 laico
1563 2091 1666 2150 babitu
1683 2095 1816 2153 constitu·

994 2181 1041 2233 tue
1051 2194 1058 2243 ς
1070 2181 1099 2233 11
1113 2176 1139 2233 11
1152 2192 1249 2235 morea
1263 2178 1327 2249 elue
1342 2182 1431 2250 eique
1444 2182 1631 2238 conversatio
1647 2182 1727 2240 bono
1743 2184 1813 2242 daei·

994 2264 1074 2321 derio
1088 2265 1166 2321 illiue
1180 2265 1382 2323 testimonium
1398 2267 1501 2336 ierant,
1516 2269 1628 2343 abequa
1645 2270 1706 2329 ulla
1728 2280 1814 2332 retra·

993 2354 1129 2423 ctatione,
1137 2354 1245 2411 seruire
1253 2354 1282 2412 in
1294 2358 1471 2423 monasterio
1481 2358 1677 2431 omnipotenti
1687 2360 1749 2419 Deo
1756 2380 1814 2437 per·

994 2442 1140 2511 mittatur,
1156 2448 1186 2497 ut
1200 2442 1237 2498 ab
1252 2441 1384 2499 bumana
1399 2442 1517 2500 eeruitio
1531 2443 1608 2503 liber
1622 2448 1752 2516 recedat,
1771 2448 1816 2522 qul

994 2532 1023 2589 ln
1039 2531 1136 2588 divino
1148 2530 1288 2603 obsequio
1302 2532 1510 2589 diatriotiorem
1522 2535 1623 2591 enbire
1639 2539 1753 2609 appetit
1762 2530 1815 2596 aar·

994 2620 1129 2677 vitutem.
1144 2619 1172 2674 Gi
1189 2625 1286 2675 autem
1311 2623 1340 2676 ct
1363 2619 1393 2677 in
1409 2622 1579 2682 monacblco
1596 2625 1700 2684 habitu
1714 2644 1813 2685 mona·

994 2711 1065 2768 dum
1084 2710 1203 2766 Petrum
1218 2710 1337 2782 regulae
1361 2709 1636 2783 inreprehensibiter
1650 2716 1813 2774 1111111111·

995 2804 1137 2866 vereatua,
1154 2803 1217 2867 poet
1236 2798 1354 2869 praelixa
1374 2802 1465 2857 eacrie
1488 2803 1652 2860 canonibus
1674 2809 1814 2878 tempora,

995 2888 1116 2945 licenter
1126 2889 1187 2960 jam
1207 2889 1240 2945 ad
1264 2888 1414 2961 quodlibet
1438 2891 1667 2951 eccleciaetioum
1691 2897 1815 2955 otdoion

995 2977 1180 3050 provebatur,
1192 2976 1217 3034 ei
1227 2987 1325 3034 temen
1337 2978 1396 3035 illia
1408 2994 1465 3036 non
1477 2980 1563 3037 luerit
1573 2982 1751 3042 criminibue
1759 3002 1814 3043 ma·

956 3079 979 3149 g
993 3066 1107 3125 oulatus
1119 3082 1183 3139 quaa
1195 3066 1224 3123 in
1234 3064 1424 3125 'laetameuto
1435 3066 1530 3127 Veteri
1542 3075 1637 3129 morte
1645 3071 1812 3131 multantur.

992 3231 1020 3286 in
1037 3229 1092 3286 bac
1107 3228 1265 3300 appendice
1280 3244 1338 3285 non
1359 3229 1559 3300 admittimus,
1586 3236 1723 3305 quamvia
1738 3236 1811 3294 enim

991 3300 1217 3358 circumferatur
1231 3300 1396 3383 aGratiano
1411 3303 1466 3360 aub
1482 3306 1602 3361 nomine
1614 3305 1748 3380 Gregorii
1761 3324 1812 3435 fa·

991 3391 1046 3501 pa,
1061 3389 1152 3430 cauea
1173 3371 1219 3438 35,
1240 3376 1402 3444 quaetione
1418 3375 1462 3445 10,
1485 3390 1511 3431 c.
1537 3377 1564 3441 1,
1578 3381 1609 3433 11
1628 3377 1666 3433 ab
1680 3380 1812 3437 Anaenn

1015 3444 1126 3512 aconei,
1141 3443 1260 3500 laudato
1275 3444 1312 3500 ab
1327 3443 1526 3502 eruditiaeimo
1536 3447 1655 3506 Beluaio
1665 3450 1697 3506 in
1713 3451 1813 3510 euiead

992 3517 1163 3573 Gratianum
1179 3515 1266 3585 notia,
1287 3530 1353 3588 pag.
1368 3516 1432 3587 558,
1444 3532 1509 3574 eam
1524 3522 1621 3576 tameo
1636 3520 1718 3579 inter
1732 3537 1814 3607 opera

992 3588 1087 3645 eancti
1101 3587 1232 3645 Doctorie
1246 3602 1398 3644 raconeere
1409 3593 1485 3645 vetat
1494 3588 1600 3662 ingene
1610 3592 1681 3664 etyli
1692 3595 1814 3651 diasrnri·

993 3659 1083 3716 titudo
1095 3676 1103 3726 ;
1118 3662 1196 3715 vetat
1207 3658 1348 3715 Venerine
1359 3658 1409 3716 ille
1418 3661 1454 3716 ad
1467 3676 1554 3733 quem
1565 3660 1706 3747 dirigitur
1715 3669 1814 3738 epieto·

991 3731 1030 3797 la,
1048 3736 1078 3787 ut
1091 3738 1156 3814 pote
1175 3730 1303 3856 Greffioril
1319 3730 1417 3803 magni
1429 3741 1812 3811 avoproreuernoognitua3

991 3812 1065 3859 vetat
1080 3802 1233 3873 deniquae
1246 3808 1308 3857 tum
1320 3817 1353 3858 ac
1369 3819 1420 3874 per
1441 3806 1587 3862 etnomde
1602 3822 1637 3863 ea
1653 3809 1812 3878 silentium,

991 3879 1056 3931 tum
1072 3874 1100 3928 in
1117 3872 1255 3930 omnibua
1277 3874 1402 3945 liagietri
1417 3820 1573 3933 iudicibus
1589 3895 1684 3936 manu
1698 3880 1814 3938 exaratio

992 3962 1025 4002 ac
1041 3945 1139 4009 edilia,
1156 3951 1216 4000 tum
1231 3945 1259 4000 in
1272 3945 1408 4003 omnibus
1423 3951 1610 4006 omniuoeori
1634 3952 1751 4009 toribue
1764 3968 1812 4009 an·

992 4021 1021 4073 te
1035 4016 1205 4073 Aneelmum
1221 4015 1379 4074 Luceneem
1397 4026 1425 4074 et
1439 4022 1597 4091 quemdam
1612 3968 1813 4096 Bolycarpum,

992 4089 1028 4144 de
1042 4089 1149 4160 quibua
1161 4089 1237 4160 apud
1254 4089 1436 4146 Gratianum.

1028 4160 1069 4217 Do
1096 4160 1220 4231 epietola
1248 4165 1347 4216 autem
1373 4162 1408 4216 ad
1437 4160 1561 4219 Felicem
1585 4165 1810 4234 lleaaaoenaem,

993 4247 1057 4304 quae
1072 4239 1114 4287 eat
1129 4232 1232 4287 ultime
1252 4232 1459 4299 indictioniai,
1476 4233 1560 4290 aliter
1572 4251 1739 4308 cenaemua,
1754 4253 1812 4296 eam

992 4303 1140 4360 edidimue
1162 4308 1194 4359 ut
1208 4302 1364 4375 genuinum
1379 4305 1443 4376 eiua
1468 4304 1572 4366 tatum.
1602 4310 1677 4369 Vide
1691 4316 1812 4367 notama

993 4375 1023 4431 in
1039 4374 1171 4431 eamdem
1188 4373 1353 4446 epistolam.

114 4497 1806 4537 m

233 4624 641 4740 EPISTOLARUM
679 4624 882 4731 suncti
912 4623 1696 4738 animadvertentium.

753 4776 1179 4805 m

383 4861 876 4952 EPtsTOLAnUM
904 4860 1095 4946 ORDO
1129 4864 1546 4950 RESTITUTUS

699 4973 924 5031 anounaurrs
943 4975 1237 5034 nnnousrnarun.

150 5167 202 5225 liic
224 5166 351 5240 primum
367 5175 489 5233 agemus
513 5158 549 5213 de
565 5154 702 5240 lipietolie
718 5156 969 5241 unicuique‘libro
984 5158 1139 5224 restitutio,
1155 5160 1257 5229 poetea
1273 5157 1313 5239 de
1323 5157 1448 5241 amotiej
1464 5159 1571 5217 deinde
1590 5160 1617 5217 ei
1632 5178 1697 5233 quaa
1712 5160 1803 5219 luerint

114 5240 299 5312 tranapoelta
314 5237 391 5291 intra
405 5232 538 5289 eumdem
556 5228 674 5295 labrum,
692 5231 725 5282 ut
740 5229 774 5283 ad
785 5245 943 5355 fproprium
960 5230 1057 5286 locum
1074 5235 1288 5295 revocarentur,
1306 5228 1511 5288 indicabimus.
1527 5230 1559 5288 Si
1573 5248 1652 5302 varo,
1668 5236 1738 5291 dum
1752 5235 1804 5289 bre·

114 5328 165 5369 vae
177 5327 239 5369 aeae
253 5310 430 5376 laboremne,
441 5304 581 5362 obecuroe
596 5298 773 5372 quaudoque

8 5386 11 5393 '
114 5384 210 5442 ordini
225 5381 357 5439 redditae.

310 5502 425 5560 bllilill.
442 5499 452 5557 l
467 5496 676 5556 tuutcttonu
697 5494 742 5554 lli.

168 5618 189 5673 l.
210 5615 295 5672 lionae
309 5608 461 5668 indictioni
477 5612 530 5664 trec
553 5605 683 5679 epistotae
702 5604 884 5663 restituimur.

114 5725 140 5780 i.
157 5724 197 5781 lix
211 5721 285 5779 libro
298 5717 413 5784 ultimo,
435 5711 596 5772 indictione
612 5729 662 5781 ιιι,
686 5713 833 5770 decimam
860 5717 939 5773 octa·

807 5301 848 5355 eri
863 5302 1024 5375 contingat,
1034 5301 1161 5373 legende
1173 5304 1242 5358 aunt
1255 5300 1328 5372 ipeae
1340 5300 1487 5375 Epistola,
1499 5302 1609 5376 debito,
1625 5309 1662 5363 ut
1671 5310 1805 5380 pauno.

954 5501 1057 5567 Dvam
1072 5496 1238 5570 epistotam,
1255 5512 1320 5568 que
1335 5513 1413 5555 nunc
1429 5502 1473 5555 eat
1492 5498 1587 5571 buiua
1600 5498 1672 5561 libri
1695 5502 1807 5560 decima

993 5572 1065 5629 Cum
1078 5569 1188 5640 ecripta
1199 5573 1244 5624 eet
1257 5567 1345 5625 hece
1369 5568 1455 5626 iatola
1465 5570 1579 5629 virebat
1595 5572 1708 5645 Patrue,
1719 5574 1810 5632 Terra·

994 5642 1121 5699 cinenate
1132 5640 1299 5723 episcopua,
1311 5586 1395 5711 cusae
1410 5641 1554 5698 meminit.
1564 5644 1640 5701 Eum
1656 5646 1810 5706 undecima

994 5713 1165 5770 indictionie
1176 5714 1260 5769 anatra
1276 5718 1424 5771 mortuum
1441 5714 1533 5781 tulnae
1551 5718 1682 5789 probant
1690 5716 1811 5793 aptatota
