3908 6156
142 312 219 372 taes
749 304 888 367 saucit
910 303 1097 366 GEEGOEll
1120 304 1248 366 MAGNI
1766 307 1844 372 1290

137 444 223 503 alesia
237 459 302 515 que
322 440 472 498 sacerdota
498 438 652 506 vacaverit,
677 438 702 496 ai
726 438 838 497 alectus
863 436 959 506 luerit,
974 443 1002 509 Α
1017 437 1137 510 professi
1151 437 1271 507 inerint,
1294 442 1411 511 tempus
1430 437 1473 496 eis
1487 436 1721 496 abbreviandum
1743 446 1803 507 eat,
1816 446 1845 499 st

138 534 307 607 pcaaitessa
331 530 497 602 episcopus,
523 529 559 600 (b)
578 529 614 585 ad
641 527 841 584 malacitanam
863 532 961 583 tamen
1016 536 1123 584 modus
1152 529 1329 599 paenitentia
1354 527 1573 600 temperandos.
1589 531 1619 585 tli
1643 529 1840 604 igiturisqui

136 622 293 678 Ecclesiam
311 635 465 691 nunquam
481 618 581 690 aliquo
597 620 681 673 modo
697 632 876 673 reversurus.
892 615 963 671 Glo-
1016 616 1142 685 predicti
1154 615 1291 685 Stephani
1303 615 1407 674 im
1420 622 1514 673 locum
1529 617 1636 673 invasit
1652 619 1778 675 tortasse
1792 618 1841 676 ds-

135 713 231 767 riasus
246 714 343 766 autem
368 709 541 764 Comitioiua
564 707 708 778 quidquid
729 707 885 777 pradictus
900 705 963 777 epi·
1016 705 1134 762 iunctus
1148 711 1202 775 cat,
1218 712 1308 778 atqua
1322 707 1399 761 aliua
1414 704 1444 761 in
1457 704 1586 763 Ecclesia
1600 706 1668 780 ejus
1682 709 1839 780 episcopus

137 814 244 867 scapua
260 813 312 870 per
335 795 504 853 violentiam
530 800 618 866 atque
638 794 851 851 insecutionem
868 795 875 847 i
881 809 962 866 psius
1015 795 1168 850 ordinatas
1182 799 1238 860 est,
1249 795 1320 851 illud
1332 796 1367 851 ds
1381 811 1415 851 eo
1430 795 1621 852 statuendum
1636 805 1683 852 sat
1698 795 1780 868 quad
1793 814 1839 853 su·

134 887 306 960 expendisse
320 884 364 941 val
385 885 527 940 damnum
550 882 706 957 pertulisse
721 884 786 939 dabo
801 899 963 942 sacramen·
1017 883 1112 953 parius
1128 883 1163 940 da
1178 900 1265 940 causa
1280 883 1376 940 fratris
1389 887 1420 940 ct
1439 884 1603 957 coepiscopi
1622 884 1718 942 nostri
1732 884 1840 943 lanua·

133 983 164 1035 to
179 975 348 1043 firmaverit,
363 975 454 1030 eidam
468 973 604 1046 episcopo
619 976 772 1029 restituere
786 975 962 1032 condemna·
1017 971 1051 1026 rii
1066 972 1201 1028 diximus·
1217 972 1298 1038 Quod
1314 972 1339 1029 ti
1354 972 1426 1030 forle
1442 971 1540 1045 ulique
1555 975 1591 1030 de
1601 973 1730 1045 objectis
1741 979 1839 1033 contra

134 1075 190 1124 tur.
207 1065 237 1122 Si
253 1068 350 1121 autam
366 1062 451 1118 aliter
465 1076 555 1133 quam
573 1061 693 1118 antelati
717 1061 845 1134 episcopi
862 1064 962 1135 petatio
1016 1066 1208 1117 memoratum
1224 1061 1401 1133 Stephanum
1426 1061 1595 1135 episcopum
1620 1062 1749 1134 probata
1766 1069 1840 1135 sunl,

133 1160 262 1213 continet
277 1160 375 1209 actum
389 1166 454 1208 esse
478 1149 600 1207 forsitan
617 1148 796 1221 perhibetur,
813 1151 963 1209 subtiliter
1016 1140 1116 1221 aliqua
1130 1165 1196 1207 rara
1211 1149 1308 1207 doceri
1319 1150 1439 1207 minima
1454 1156 1624 1224 potuerunt,
1648 1162 1739 1210 cauta
1749 1154 1838 1210 omni·

133 1246 381 1318 quarendurnest,
399 1240 787 1312 stveritatscagnita,cum
805 1240 960 1299 Deitimo·
1016 1239 1301 1297 uaconsiderationa
1324 1240 1507 1312 pensandum
1536 1246 1582 1298 est
1606 1246 1710 1298 utrum
1738 1242 1838 1301 teriora

137 1352 168 1392 ra
184 1335 259 1406 quod
272 1332 394 1405 justitia
410 1332 481 1386 ordo
495 1331 622 1386 suaserit
632 1329 835 1398 judicandum.
1016 1327 1153 1399 capitula,
1170 1345 1206 1385 aa
1221 1334 1297 1386 carte
1315 1330 1451 1402 graviora
1469 1331 1591 1402 probata
1604 1330 1678 1400 aiut,
1694 1337 1730 1388 ut
1753 1347 1789 1389 οι
1801 1332 1838 1391 ais

168 1424 240 1490 Ouia
254 1438 322 1495 ergo
338 1421 504 1494 Stephanus
519 1418 714 1492 episcopusin
737 1421 804 1474 odia
819 1436 872 1476 suo
883 1436 962 1493 quta·
1016 1415 1142 1488 qualiter
1152 1416 1351 1475 dellultioacm
1367 1423 1449 1474 tuam
1459 1417 1499 1492 (d)
1515 1422 1645 1476 lorinsrs
1655 1420 1766 1478 debesa
1781 1437 1838 1493 poa·

136 1515 205 1569 dam
220 1512 298 1577 licta,
319 1519 347 1566 at
362 1512 398 1565 de
409 1507 490 1564 tatata
507 1523 538 1565 se
554 1505 692 1580 capitulis
708 1513 887 1574 accusatum,
909 1525 962 1565 na·
1016 1508 1055 1564 tis
1071 1510 1154 1566 scire.
1169 1510 1317 1567 Gloriosus
1334 1526 1399 1567 raro
1413 1509 1595 1577 Comitiolua,
1613 1510 1641 1567 ai
1658 1514 1837 1587 suprascrip·

132 1618 189 1674 qus
216 1599 326 1672 aliquid
352 1596 553 1654 ordinabiliter
581 1595 701 1664 iactum,
726 1598 776 1651 sed
807 1597 915 1666 inJ'uate
930 1614 961 1655 ss
1015 1601 1064 1653 tus
1079 1599 1233 1668 episcopus
1245 1599 1386 1656 innocens
1399 1615 1465 1656 csse
1479 1601 1627 1667 claruerit,
1643 1602 1792 1676 quidquid
1807 1603 1836 1661 ds

132 1689 234 1747 asserit
250 1690 488 1752 condemnatum,
514 1685 675 1757 diligenter
702 1689 889 1756 quarendum
917 1692 962 1744 ast
1015 1687 1103 1744 rebus
1114 1688 1190 1759 ejus,
1202 1687 1245 1744 vel
1260 1687 1394 1745 Ecclesiae
1408 1687 1502 1763 ipsios
1520 1690 1598 1759 tulit,
1610 1691 1638 1746 ai
1658 1691 1728 1748 sine
1745 1692 1835 1765 aliqua

131 1779 225 1850 primo
250 1779 272 1834 si
291 1775 441 1848 judicium
466 1773 675 1830 ordinabiliter
692 1782 738 1831 est
753 1776 897 1843 habiturn,
911 1783 962 1835 aut
977 1805 1000 1872 B
1016 1778 1152 1835 restituat
1166 1778 1316 1836 dilatione.
1332 1779 1388 1836 Sed
1403 1784 1432 1837 et
1454 1796 1579 1853 quaque
1597 1796 1631 1838 se
1656 1782 1687 1838 in
1705 1797 1833 1855 persecu·
1853 1834 1857 1839 .

131 1868 156 1923 ai
173 1867 222 1922 aiii
238 1878 432 1934 accusatores,
448 1864 498 1919 alii
513 1868 605 1920 testes
621 1866 747 1921 tucrum.
765 1865 872 1923 Deinde
886 1882 957 1924 cau·
1013 1869 1123 1924 tionem
1138 1884 1170 1924 ac
1185 1868 1353 1926 violentiam
1364 1870 1430 1941 ejus
1445 1870 1621 1942 expendisse
1635 1871 1682 1928 rel
1698 1872 1833 1930 damnum

132 1972 232 2012 aarum
247 1955 372 2028 qualitas
393 1962 438 2010 cat
461 1953 667 2022 examinanda,
694 1953 717 2008 si
741 1956 831 2026 digna
854 1957 955 2014 arsitio
1010 1962 1086 2018 idern
1108 1963 1262 2036 episcopua
1284 1963 1441 2036 pertulisse
1451 1966 1611 2036 juraverit,
1635 1966 1717 2023 idem
1734 1984 1833 2026 memo·

131 2044 176 2101 vet
190 2046 373 2117 depositione
384 2043 449 2098 luit.
464 2044 522 2098 Aut
536 2042 560 2098 ai
576 2058 609 2098 aa
626 2049 768 2113 prasente
790 2044 824 2116 (c)
840 2046 956 2117 subju·
1011 2058 1092 2110 ratus
1107 2055 1254 2126 gloriosus
1278 2054 1450 2112 comitiolus
1472 2057 1574 2113 raddat
1602 2073 1639 2115 ac
1663 2059 1830 2118 satisfaciat

131 2134 287 2204 rejuranda
299 2138 401 2188 contra
416 2147 482 2188 euin
495 2132 697 2188 testimoniam
711 2132 822 2188 dictum
838 2136 893 2202 est,
903 2151 954 2192 sau
1009 2143 1036 2198 si
1049 2149 1146 2199 autem
1157 2143 1243 2200 talam
1256 2142 1371 2216 calparn
1384 2146 1559 2203 antedictum
1574 2147 1829 2219 spiscopnmcam·

131 2230 248 2294 scriptis
263 2228 361 2277 actum
377 2226 431 2288 eat,
448 2222 490 2276 rel
506 2222 568 2293 ipse
592 2221 739 2277 licentiam
760 2224 954 2294 respondendi
1010 2236 1126 2290 misisse
1147 2234 1309 2291 constiterit
1324 2232 1420 2304 (Grac,
1437 2236 1480 2299 to.
1498 2254 1524 2309 p.
1540 2237 1568 2301 6,
1583 2254 1610 2294 c.
1625 2237 1668 2312 3),
1697 2240 1774 2312 qood
1792 2240 1832 2297 ab·

130 2318 160 2369 Θῑ
174 2312 348 2368 det'andandi
364 2328 395 2367 ⁸⁰
412 2312 523 2367 htb¹2¹2·
548 2310 603 2366 Sed
624 2317 653 2366 ⁶2
675 2316 708 2367 ‘¹⁰
725 2315 854 2382 Wfivsslt
868 2330 953 2369 που·
1009 2324 1056 2392 ait,
1075 2330 1106 2379 ut
1120 2330 1233 2381 constet
1246 2339 1314 2380 eum
1343 2341 1399 2382 non
1425 2326 1667 2384 irrationabiliter
1683 2332 1776 2388 luisse
1788 2330 1832 2389 ds·

129 2402 257 2458 santium
284 2416 318 2456 ac
346 2400 565 2454 testittcantium
595 2400 742 2455 subtiliter
765 2406 953 2472 quarendum
1009 2415 1149 2486 positum,
1164 2418 1264 2469 eadam
1276 2414 1342 2485 ejus
1357 2415 1505 2487 depositio
1517 2417 1725 2487 coollrmetur,
1741 2430 1766 2476 st
1782 2418 1831 2476 Ec-

129 2489 489 2558 02120⁰l⁰⁸⁰⁰i¹dlll⁰⁰isi
513 2489 658 2557 ⁰⁰l⁰³ll⁰0
679 2489 836 2559 opinionis,
853 2497 904 2547 ⁰⁰2
919 2507 954 2548 ¹¹⁰
1008 2505 1104 2561 olesiae
1128 2520 1173 2559 res
1195 2520 1254 2560 sua
1282 2518 1385 2560 onrnea
1410 2505 1615 2575 restituantur,
1637 2525 1708 2580 quas
1736 2510 1829 2566 ablata

129 2579 230 2650 inopes
246 2578 315 2643 sint,
331 2583 382 2632 aut
399 2593 434 2632 na
449 2578 523 2632 torte
539 2576 654 2649 aliquas
669 2584 769 2634 contra
784 2582 952 2651 predictam
1008 2594 1177 2661 plurumas,
1193 2594 1261 2666 quia
1277 2594 1414 2651 delictum
1433 2612 1560 2662 persona
1577 2597 1607 2652 in
1624 2596 1770 2656 damnum
1785 2600 1828 2657 ες.

129 2666 297 2738 Episcopum
323 2666 492 2722 inimicitias
517 2668 698 2733 habuissent,
714 2678 743 2722 ei
757 2674 852 2725 ulrum
869 2672 951 2727 lebil-
1007 2684 1101 2739 cleis
1114 2700 1171 2739 non
1186 2691 1231 2740 opt
1253 2685 1492 2742 convertendum,
1510 2684 1540 2741 Si
1559 2688 1654 2759 enim,
1671 2696 1706 2745 ut
1725 2689 1826 2762 dicunt,

130 2757 263 2813 monium
279 2773 313 2812 ea
328 2758 430 2813 auditu
449 2758 586 2813 dixerunt
601 2768 651 2813 aut
666 2764 743 2816 certe
757 2775 789 2817 se
800 2761 876 2818 scire
891 2778 953 2833 apa·
1007 2771 1179 2829 comitiolus
1193 2771 1349 2828 defunctus
1364 2777 1418 2840 ast,
1434 2774 1471 2829 ab
1497 2773 1612 2831 beredo
1635 2786 1704 2847 ojus
1721 2796 1784 2851 quaa
1796 2778 1827 2835 ab

130 2846 243 2903 cialiter
257 2847 352 2903 testati
368 2850 449 2912 saint,
466 2846 509 2902 val
530 2847 552 2902 si
579 2848 695 2919 scriptia
716 2850 879 2918 judicatum
895 2856 951 2921 aab,
1007 2861 1105 2935 ittam)
1121 2863 1227 2932 injusta
1242 2860 1343 2917 ablata
1370 2869 1440 2918 sunt
1465 2863 1530 2919 aine
1557 2868 1751 2925 excusatione
1775 2868 1828 2925 rad·

129 2943 157 2994 at
186 2935 316 3007 partibus
353 2937 543 3007 presentibus
578 2936 724 2993 sententia
752 2940 871 2996 recitata
896 2946 951 2996 eal.
1007 2952 1219 3020 pantanum
1246 2950 1558 3026 ntac,tip‚1v‚0‚28),

130 3024 210 3090 Quod
227 3025 252 3081 sl
269 3025 342 3080 tarta
362 3024 423 3080 bac
446 3024 617 3080 solemniter
631 3028 696 3081 acta
711 3043 767 3082 non
795 3033 873 3095 sunt,
900 3044 952 3086 nec
1050 3041 1089 3114 (a)
1102 3038 1324 3098 cpplwnfflss
1344 3039 1370 3098 ῃ
1391 3040 1509 3099 moun
1529 3042 1785 3105 lmpssffifflupp,

129 3112 952 3191 081188ΡῑῦῧᾶῑῦθθίῆῦθθῑθῑῑῑθνθῑᾶθΡΟΒῑῑῑθῦθῧῑΒΜ
1009 3146 1065 3188 sno
1097 3142 1272 3188 subamara
1309 3145 1501 3200 cancicoaura,
1538 3149 1644 3192 scasas
1679 3152 1824 3195 suanacas

128 3202 177 3269 ait,
193 3204 222 3259 in
239 3201 397 3259 Ecclesiam
413 3219 494 3258 auam
518 3204 610 3259 madia
631 3204 767 3261 omnibus
790 3213 949 3264 revocetur.
1280 3236 1367 3278 gum
1386 3238 1551 3281 mmm,

127 3292 162 3347 Hi
178 3307 246 3349 vera
262 3291 313 3365 qui
335 3307 403 3349 eum
424 3296 524 3349 contra
543 3291 595 3349 Dei
611 3291 746 3349 timorem
762 3300 791 3350 st
806 3310 951 3353 cananum
1007 3310 1077 3378 Quid
1090 3310 1119 3365 p,
1142 3308 1364 3379 supradictorum
1382 3312 1474 3367 mma,
1500 3314 1536 3368 ,p
1556 3315 1700 3385 mmm
1723 3316 1824 3375 „pm

127 3386 236 3438 statuta
250 3382 529 3448 condemnaverunt,
546 3383 788 3438 excommunicati
810 3383 838 3438 in
852 3400 951 3440 mona·
1089 3381 1254 3453 praescrr'bt‘t,
1269 3380 1392 3438 collectis
1406 3384 1608 3455 imperatorum
1625 3385 1748 3457 lepidas.

127 3474 248 3531 sterium
264 3472 299 3529 ad
316 3472 459 3545 agendam
475 3470 723 3545 poenitentiariis
739 3488 788 3529 sex
804 3475 954 3532 mansibus
1042 3470 1082 3527 us
1108 3486 1232 3542 persana
1257 3471 1415 3543 presbyteri
1449 3472 1504 3530 bac
1532 3475 1745 3534 attendendam
1783 3478 1822 3534 ssi

127 3567 199 3620 sunt
212 3560 358 3628 mittendi,
374 3560 414 3617 ita
430 3576 501 3617 sane
517 3568 549 3617 ut
563 3559 589 3616 ai
608 3561 744 3633 cuiquam
760 3577 858 3618 aarum
874 3579 951 3620 mor·
1005 3558 1107 3632 (Grot,
1122 3561 1165 3625 tt,
1178 3577 1205 3632 p.
1221 3561 1248 3627 l,
1261 3576 1286 3618 c.
1301 3558 1359 3632 38),
1370 3559 1473 3634 qutaat
1484 3576 1572 3634 qoam
1584 3579 1705 3623 cauum
1718 3564 1819 3632 babuit,

126 3652 166 3708 tia
180 3650 334 3725 contigerit
348 3650 503 3706 imminere
518 3649 689 3719 discrimen,
704 3650 801 3708 viatici
816 3653 842 3708 ci
862 3654 950 3710 bena·
1006 3665 1064 3705 non
1079 3649 1115 3706 ab
1133 3649 1190 3706 alio
1203 3649 1307 3716 maeri,
1322 3648 1374 3706 aad
1397 3651 1553 3724 opiscopus
1578 3652 1678 3725 ipsius
1691 3654 1762 3712 adiri
1775 3656 1821 3711 de·

128 3741 216 3798 dlctio
232 3756 291 3797 nou
307 3745 439 3813 negetur.
456 3738 519 3811 lpse
542 3745 641 3796 autern
667 3739 717 3812 qui
733 3756 765 3797 eo
780 3741 893 3798 vivente
909 3740 951 3798 la·
1005 3736 1457 3809 bult,(b)sicutbchovellsrum
1465 3740 1638 3798 constitutio
1651 3743 1819 3812 manitaatat,

129 3843 195 3885 aum
210 3829 272 3899 aJus
287 3828 440 3885 temeraria
455 3827 577 3883 ambivit
592 3827 724 3900 privatae
740 3828 902 3887 sacerdotio
915 3830 951 3888 ab
1005 3843 1068 3899 que
1081 3828 1211 3900 loquitur
1224 3828 1260 3884 ds
1275 3828 1471 3885 sanctissimis
1490 3834 1589 3887 atltae
1603 3833 1781 3891 amabilibus
1791 3845 1820 3890 at

130 3916 846 3991 amniministerioecclesiasticorepellatur,atqua
856 3919 949 3976 eidam
1006 3917 1258 3974 reverendissimis
1271 3917 1428 3989 episcopis,
1443 3916 1556 3975 clericis
1571 3924 1601 3977 et
1616 3922 1780 3980 monacbis.

130 4004 321 4061 dilectissimo
333 4006 413 4061 tratri
429 4009 457 4060 et
472 4005 644 4078 coepiscopo
656 4012 755 4064 nostro
770 4010 953 4079 tradatur,ot
1042 4005 1076 4078 tc)
1087 4008 1166 4063 Petro
1179 4004 1822 4084 clariosissimopraeseclopraatorro:idiSiquis

131 4108 197 4149 eum
211 4098 261 4150 aut
275 4094 338 4164 ipae
348 4092 384 4150 ad
396 4109 448 4148 aaa
458 4094 650 4159 transmittat,
664 4097 799 4168 autapud
812 4113 843 4153 sa
857 4097 886 4152 in
898 4114 952 4154 cu·
1004 4101 1100 4154 cantra
1115 4096 1234 4167 aliquem
1252 4095 1393 4161 clericum,
1409 4100 1459 4150 aot
1474 4097 1656 4167 monacham,
1672 4104 1724 4157 nat
1735 4101 1821 4157 diaco

129 4181 349 4240 stodiababeot.
366 4180 499 4254 Episcopi
512 4196 580 4238 varo
596 4183 646 4254 qui
662 4198 728 4239 eum
738 4185 874 4241 ordinare
884 4202 953 4259 pra·
1004 4187 1122 4253 nissam,
1132 4195 1181 4242 out
1189 4188 1381 4251 monastriam,
1389 4187 1439 4240 aot
1453 4188 1599 4243 amatricis
1611 4188 1695 4247 babet
1703 4190 1820 4265 attpaaa

129 4268 950 4345 sumpserunt,valperveraaeipsiuaordinatlanipraebuere
1004 4278 1149 4347 actionem,
1170 4274 1250 4331 odam
1271 4275 1351 4346 prius
1372 4272 1578 4333 cardiniensem
1596 4277 1770 4354 episcoparis,
1783 4279 1823 4337 eal

127 4377 315 4430 consensum,
327 4360 425 4431 iidem,
436 4360 643 4418 communione
654 4361 768 4435 privati,
779 4378 828 4420 scs
844 4364 948 4420 menal-
1004 4367 1104 4423 dorum
1120 4364 1308 4437 unusquisqne
1321 4362 1470 4435 subjaceat.
1488 4364 1614 4423 ltleoera
1628 4384 1743 4427 causam
1758 4371 1824 4427 irater

124 4450 181 4509 bus
197 4452 232 4508 ad
249 4451 392 4525 agendam
407 4444 608 4523 penitentiam
624 4450 653 4507 io
669 4452 844 4509 manasterio
855 4454 946 4527 depu·
1004 4455 1201 4527 ccadr'p'adicct.
1213 4453 1283 4509 Etsi
1291 4451 1404 4525 paide'm
1414 4463 1534 4525 atropos
1547 4471 1615 4528 pars
1628 4457 1824 4533 lisputati-

124 4546 232 4600 tentur.
248 4541 277 4596 Ei
294 4546 392 4599 aotam
406 4538 535 4613 episcopi
549 4541 580 4596 in
595 4541 797 4613 prejudicium
808 4543 949 4601 condem·
964 4533 987 4600 Il
1002 4551 1063 4601 cota
1073 4551 1136 4600 runt
1147 4541 1499 4617 (elaeonievcritjabemas
1511 4559 1563 4615 per
1576 4546 1634 4603 loca·
1643 4548 1824 4614 iadicsmliu

123 4630 301 4689 nationisvel
313 4629 664 4703 depositionismemorati
674 4630 814 4703 Stephani
825 4650 855 4691 se
866 4641 945 4693 meta
999 4633 1300 4706 exsecationipcrsectc
1313 4630 1656 4700 concamerationem
1671 4635 1821 4709 objiciatur

119 4720 467 4792 judiciscoasensissa,ac
477 4716 548 4775 talia
558 4734 590 4774 ae
601 4719 699 4776 iecisse
710 4737 768 4779 noo
778 4739 831 4779 soa
841 4731 945 4797 sponte
999 4724 1119 4798 quiade
1146 4723 1252 4780 clerico
1266 4720 1322 4779 boc
1345 4720 1484 4793 loquitur,
1506 4736 1564 4779 noa
1588 4723 1629 4780 da
1645 4725 1816 4800 presbytero,

157 4849 327 4920 (biliniaco,
348 4846 452 4903 incolis
466 4845 584 4917 ilclopc,
600 4844 689 4902 Gallis
708 4852 804 4904 autern
822 4853 942 4923 ltclpoe,
997 4852 1110 4909 duobus
1125 4849 1243 4917 retica..
1258 4848 1308 4905 ubi
1333 4848 1375 4905 aia
1390 4847 1493 4919 incipit
1519 4865 1527 4904 ε
1552 4850 1665 4909 ioanni
1686 4852 1816 4926 defensari

121 4921 191 4975 urbs
206 4922 277 4974 alim
293 4918 438 4989 Hispania
454 4918 567 4973 Boeticc
590 4919 747 4986 maritima,
765 4936 842 4977 nunc
861 4925 942 4995 regni
995 4923 1075 4980 conti
1089 4923 1120 4979 ia
1136 4921 1268 4993 Spaniam
1283 4921 1440 4992 exemplam
1454 4921 1534 4989 lepis.
1556 4920 1588 4978 ln
1609 4923 1700 4981 Vatia.
1717 4934 1741 4979 Α
1758 4940 1815 4997 pra

121 4989 310 5047 Granatcnaia
323 4992 358 5045 ad
374 4991 448 5045 ostia
464 4988 543 5044 ilarii
560 4988 651 5054 Bastia,
667 4989 751 5061 vulga
767 4991 942 5064 Quodalpar'·
997 4995 1097 5066 figitur
1111 4992 1215 5050 titnlus
1231 5010 1238 5048 r
1255 4993 1415 5060 separatore
1428 4992 1532 5064 upum,
1557 4999 1629 5055 ata..
1646 4996 1721 5052 utin
1737 4995 1814 5053 Esca·

120 5063 216 5133 otreio.
240 5062 407 5133 Emporium
430 5061 671 5125 celebrandam
692 5061 803 5118 babens
828 5070 940 5136 cpisco·
996 5065 1095 5122 aiala
1124 5069 1257 5137 quinqua
1278 5065 1371 5119 vatic.
1392 5062 1495 5119 utem.
1525 5067 1555 5120 at
1581 5064 1678 5136 colb„
1708 5074 1810 5125 tantum

37 5162 41 5170 ·
120 5132 604 5205 palemsubarcbiepiacopoolim
621 5132 943 5202 Hispalerisi,nuncae·
995 5137 1183 5210 premittitur
1197 5134 1361 5203 Ecernplum
1377 5135 1453 5205 lepis.
1470 5134 1654 5205 capersana.

119 5206 216 5332 &aab
231 5206 416 5274 brabatensi,
429 5210 461 5261 at
476 5204 564 5259 babet
578 5203 757 5261 Provincialc
769 5211 939 5266 ttomanum.
1030 5209 1067 5281 (bl
1083 5209 1125 5265 lta
1141 5224 1239 5264 cinnes
1255 5206 1326 5263 ldae.
1341 5206 1373 5263 ln
1393 5206 1526 5274 Eacoais,
1541 5210 1615 5263 sacal
1629 5210 1740 5267 accello
1751 5224 1809 5266 coa·

144 5293 257 5333 ussine.
994 5281 1113 5337 attractis.

153 5349 189 5431 lc)
206 5349 335 5414 licceat,
346 5362 376 5402 co
386 5350 519 5416 praescate
533 5348 735 5418 potcccarctos
745 5351 795 5414 est,
810 5354 839 5405 ct
852 5350 939 5421 inira,
1029 5357 1063 5420 tc)
1079 5350 1191 5415 excusi,
1211 5347 1477 5407 contradicentibus
1496 5348 1638 5408 omnibus
1652 5350 1808 5425 pancllss,

116 5434 195 5487 corus
209 5421 286 5481 vitae.
302 5420 379 5487 tutas
393 5418 569 5474 conditionis.
992 5424 1145 5485 Imperator
1152 5423 1327 5479 lastinianus
1341 5421 1488 5491 sapaces,
1505 5425 1605 5479 retra.

151 5491 190 5560 (d)
202 5488 315 5555 Narm,
330 5489 444 5557 firmare
458 5489 562 5546 debeas.
1024 5495 1067 5566 (d)
1084 5495 1115 5552 la
1135 5494 1343 5562 Turon.,Petro
1357 5491 1561 5562 ptortasirrtmo
1584 5497 1747 5567 praportm
1764 5493 1807 5551 td·

149 5560 186 5633 (a)
200 5557 329 5617 colbert.
344 5575 376 5614 ac
391 5559 481 5613 Vatia.
498 5563 563 5616 Aet
573 5558 605 5626 Β,
622 5562 722 5631 injuste
735 5562 807 5618 tulto
823 5570 900 5624 soal.
990 5564 1070 5622 ditor
1085 5567 1114 5622 iu
1130 5566 1243 5622 duobus
1258 5564 1363 5635 Vatia,
1383 5563 1488 5620 naam.
1507 5570 1539 5621 st
1552 5563 1649 5635 colb..
1663 5567 1755 5640 pridie
1766 5566 1807 5623 Ea·

149 5635 328 5687 Caetronius
346 5629 371 5685 ll
399 5628 454 5700 [dl.
482 5630 539 5701 56].
567 5660 601 5671 -
629 5631 666 5702 (a)
695 5631 883 5692 Desideratur
905 5637 935 5694 iu
990 5635 1062 5692 iered.
1078 5637 1192 5707 Aprilis.

114 5699 228 5769 Naana„
243 5701 368 5773 anglic,
383 5699 467 5757 corb.
484 5703 583 5756 Exstat
597 5701 627 5756 in
647 5703 777 5774 quinqua
798 5708 887 5765 vatic.
904 5709 935 5766 in
1025 5704 1509 5780 (elvitioselrrapaltpartiaulaaon
1520 5703 1552 5765 ln
1563 5712 1676 5767 recent.
1687 5702 1808 5769 abaetat

116 5773 211 5831 tribua
223 5772 360 5842 colbert..
377 5771 407 5828 in
421 5769 541 5843 Toron,
554 5772 584 5827 ta
600 5775 724 5842 otiosae
738 5773 857 5847 naam..
870 5780 934 5840 atla
989 5779 1216 5852 animositas,
1226 5779 1346 5853 ascisci
1355 5776 1535 5852 potaateitra
1543 5784 1807 5857 unaastactaaan.
