3908 6156
269 334 556 397 EPlS'l'OLARUM
580 334 652 395 LlB.
675 331 756 396 xtlt.
781 363 819 376 -
840 333 987 395 tuutcu.
1010 332 1063 394 Vl.
1087 366 1125 379 -
1151 333 1273 396 EPlST.
1296 336 1357 397 Χῑι.
1582 342 1660 403 1290

96 466 180 525 relect
194 465 251 523 sibi
266 465 425 522 servientes
442 483 550 537 regere,
566 472 674 538 qarauto
692 463 786 519 domin
803 466 828 530 Α
844 464 951 520 tionem
968 479 1031 538 que
1046 465 1203 522 animabus
1228 483 1344 540 semper
1359 467 1480 525 advorsa
1500 474 1556 535 est,
1570 472 1672 530 cardis

96 557 208 614 muium
225 564 339 612 traverit
357 558 454 612 verius
474 557 628 613 deservire.
645 555 676 610 ln
693 568 793 609 sutore
850 558 922 625 pede
936 555 1092 620 calcantes,
1105 558 1226 625 perversi
1243 558 1283 629 (a)
1299 559 1475 630 superisque
1490 562 1672 635 vocabuli(b)

96 663 116 702 o
137 645 204 701 lidei
227 645 313 701 iaciat
342 645 606 712 detensuressuus,
638 643 794 714 qusistecit
849 645 1019 700 scandatum
1045 644 1179 702 Ecclesiae
1203 651 1317 703 auterre
1336 649 1372 703 du
1396 651 1491 704 madio
1516 651 1671 721 sustinetis,

96 751 242 807 :scopere
258 742 449 805 numeratores
467 746 591 789 austros.
610 732 746 788 lut'undst
762 733 789 785 in
849 749 911 788 nea
924 736 1003 805 pacis
1019 743 1127 791 nostrae
1147 738 1285 795 aursiauta
1299 739 1382 796 dirisi
1398 741 1521 796 inveniri
1539 742 1671 813 possitis.

96 823 234 880 rrerrtibus
252 823 346 876 aetum
374 823 463 877 simul
480 829 509 877 ct
525 819 791 885 mansuetudinem,
849 821 904 877 Sed
922 839 1000 879 unus
1015 824 1044 880 in
1060 826 1145 881 nobis
1160 826 1292 896 spiritua,
1316 844 1375 884 una
1395 845 1489 894 meus,
1505 846 1564 886 uua
1579 829 1674 886 chari·

96 929 134 971 ier
147 914 194 985 pio
212 913 320 968 terrore
339 911 458 966 valeatis
475 917 502 967 et
518 909 661 983 quidquid
679 910 709 964 ia
736 907 793 964 Deo
850 914 906 976 tas,
923 913 1022 968 uaein
1037 914 1163 982 Christo,
1178 916 1228 986 qui
1252 932 1307 972 sua
1328 919 1459 975 membra
1474 935 1536 975 esse
1552 936 1604 976 nos
1619 935 1674 978 vo·

96 1019 118 1059 ιι
142 1017 200 1059 ιιοιι
224 1001 352 1056 inultum
376 999 551 1071 relinquere,
577 1005 605 1055 ct
624 999 662 1069 (b)
679 997 701 1054 si
723 997 792 1068 quid
849 997 914 1070 luit,
930 1001 967 1056 sit
982 1017 1120 1075 compago
1141 1005 1313 1062 cuncordia.
1338 1005 1411 1062 Num
1441 1023 1529 1079 quam
1554 1008 1673 1078 durum,

96 1090 248 1164 alloquitur
264 1089 408 1160 parcendo
429 1090 563 1145 tolerare.
579 1089 616 1161 (e)
635 1087 689 1143 Det
711 1086 794 1142 nobie
849 1105 939 1161 quam
954 1090 1102 1157 indecens,
1118 1109 1205 1164 quam
1222 1094 1349 1161 crudele,
1366 1112 1513 1168 quamque
1536 1114 1674 1171 spropo-

96 1185 227 1254 spietats
251 1179 408 1237 Pulcherie
432 1182 570 1251 Augusta
597 1175 794 1243 clementiam,
848 1177 905 1233 sito
921 1181 961 1235 sit
988 1182 1145 1239 sacerdotis
1165 1187 1334 1240 extraneum
1361 1185 1444 1241 illum
1465 1201 1566 1258 parem
1582 1202 1673 1260 quam

96 1270 177 1328 taelo
189 1269 338 1327 catholica
355 1269 423 1324 tidei
448 1268 478 1325 in
495 1273 595 1325 sancta
610 1266 721 1340 syuodo
737 1264 794 1321 lie·
849 1265 916 1323 eliis
931 1268 1069 1340 praedicat
1088 1287 1146 1328 aon
1171 1271 1288 1343 habere,
1305 1273 1444 1330 sanctitas
1458 1280 1556 1331 vestre
1569 1277 1673 1333 consi-

96 1378 125 1418 na
138 1364 241 1417 vocata
255 1363 298 1415 est
309 1357 376 1429 (Act.
396 1360 408 1414 l
424 1359 528 1430 synodi
548 1353 794 1426 Chalcedonensis).
849 1354 939 1423 deret,
953 1363 980 1413 et
995 1374 1063 1416 suos
1077 1357 1113 1415 do
1136 1360 1274 1433 superbis
1297 1361 1403 1420 iratres
1415 1364 1610 1421 scandalizare
1624 1367 1674 1422 ab·

98 1455 164 1508 tens
182 1447 232 1504 Dei
258 1447 459 1504 misericordia
480 1445 606 1518 largiora
627 1445 710 1502 aonia
733 1457 795 1498 oum
849 1448 964 1505 stiueat.
981 1449 1036 1506 Sed
1052 1448 1115 1509 hac
1131 1452 1225 1526 magis
1240 1452 1366 1520 studeat,
1381 1457 1412 1509 ut
1428 1470 1508 1512 vena
1523 1472 1557 1512 aa
1573 1472 1673 1530 saper·

96 1535 238 1596 adumtna
255 1536 351 1606 spatia
373 1535 489 1591 airaudi
512 1533 664 1601 concedat,
679 1537 713 1588 ut
736 1545 794 1602 quo
849 1533 913 1591 llus
929 1536 1060 1595 clationis
1076 1546 1222 1597 auctorem
1233 1541 1409 1599 humilitatis
1424 1549 1511 1615 queat
1522 1561 1593 1602 ense
1608 1561 1675 1618 pro·

96 1629 207 1701 longius
222 1628 280 1683 vita
303 1627 480 1695 extenditur,
507 1627 706 1697 subjectorum
729 1636 794 1679 om·
849 1631 988 1695 sternere,
999 1633 1144 1700 quatenus
1160 1633 1188 1686 ia
1206 1632 1353 1700 ejusmodi
1379 1633 1495 1689 victoria
1518 1651 1607 1692 suum
1622 1650 1674 1692 ros

96 1714 230 1773 insolatio
246 1713 371 1771 validius
387 1716 585 1771 contirmctur.
850 1714 1047 1773 habitaculum
1061 1719 1156 1775 sancti
1171 1718 1300 1790 Spiritus
1314 1721 1404 1793 gratis
1419 1722 1475 1778 sibi
1493 1723 1626 1795 vindicat,
1642 1729 1674 1782 et

96 1823 122 1865 re
135 1808 259 1865 torsitaa
284 1807 371 1862 debui
397 1810 428 1861 ut
454 1804 612 1862 Ecclesiam
629 1803 704 1860 beati
720 1801 797 1860 Petri
849 1803 1154 1878 aperteimplesturln
1165 1808 1247 1865 vobis
1265 1813 1341 1881 quod
1359 1810 1499 1880 scriptum
1510 1817 1574 1868 est:
1588 1813 1674 1870 Tem·

96 1937 109 1967 ,
126 1912 192 1970 ques
203 1911 282 1951 auno
297 1909 391 1967 usque
402 1894 538 1966 gravibus
552 1892 667 1949 insidiis
679 1890 797 1948 labore·
849 1893 929 1969 plum
939 1892 1181 1965 lieisanctnmest,
1192 1896 1337 1969 quodestis
1347 1914 1392 1955 vos
1407 1898 1512 1969 (llCor.
1529 1916 1568 1972 rr,
1580 1902 1636 1976 17).

96 1991 166 2043 teret
187 1994 285 2041 vestra
304 1982 505 2057 tranquillitas
526 1982 691 2056 specialiter
716 1996 796 2037 com·
885 1983 1072 2041 Prasentium
1086 2001 1151 2042 vero
1167 1988 1337 2056 portitorem
1352 1986 1581 2045 dilectissimum
1591 2005 1674 2047 com-

96 2092 151 2133 am.
170 2075 224 2133 Sed
241 2073 364 2148 quisuis
378 2074 445 2145 quie
460 2073 688 2146 omnipotentem
706 2075 796 2127 Deum
849 2087 970 2128 munem
986 2071 1078 2129 fllium
1095 2072 1276 2130 Ranilacium
1292 2074 1450 2131 diaconum
1467 2075 1549 2133 vobis
1564 2075 1595 2133 in
1610 2093 1675 2134 om·

96 2181 177 2236 ,non
200 2164 291 2220 debeo
317 2167 413 2236 patere
428 2160 505 2235 quod
522 2165 627 2234 sponte
641 2175 675 2217 ex
695 2160 796 2233 benig·
849 2161 937 2217 nibus
952 2163 1204 2229 commendamus,
1221 2168 1252 2219 ut
1274 2149 1451 2235 quocunque
1470 2179 1590 2222 necesse
1610 2167 1674 2222 lue·

96 2261 180 2315 estre
191 2255 308 2329 pietatis
324 2254 479 2311 exhibetis.
495 2253 608 2317 Quanto
629 2252 707 2309 enim
731 2251 797 2323 plus
850 2251 899 2322 rit,
914 2250 1020 2308 solatia
1032 2255 1147 2320 vestre,
1162 2251 1239 2308 sicut
1253 2251 1346 2320 decet,
1362 2251 1672 2311 invenistaanctitstic.

102 2346 287 2403 Conditorem
311 2346 455 2410 omnium,
481 2347 562 2398 tanto
587 2341 715 2415 amplius
734 2342 797 2412 ejus
1130 2339 1305 2398 llPlS'l'OLA
1318 2340 1390 2398 llLl.

109 2433 267 2490 dcclesiam
290 2448 399 2500 amare,
424 2434 472 2486 cui
491 2430 599 2486 dictum
623 2433 668 2486 est
689 2430 798 2485 :lues
923 2448 956 2487 su
976 2447 1124 2489 aunouruu
1146 2447 1369 2489 anaxauuarsura
1394 2448 1607 2492 rarmsscsaaa.

96 2527 124 2582 et
147 2538 230 2595 saper
250 2521 322 2576 lianc
345 2527 453 2591 petram
478 2518 622 2590 aedificabo
645 2518 799 2574 Ecclesiam
886 2521 1032 2593 Eulopium
1054 2521 1089 2578 ad
1117 2523 1268 2578 simoniam
1296 2522 1469 2579 evellendam
1502 2522 1641 2580 bortatur.

96 2619 123 2669 et
144 2622 234 2682 portae
263 2609 348 2676 interi
375 2625 430 2665 non
457 2608 646 2680 prevalebunt
669 2607 799 2663 aduersus
887 2610 1043 2683 Gregorius
1060 2609 1179 2682 Eulogio
1194 2610 1331 2683 episcopo
1345 2611 1553 2671 Alexandrino.

96 2699 160 2757 ‚cui
177 2700 303 2755 dicitur:
321 2699 378 2753 Tibi
402 2697 471 2753 dabo
494 2699 583 2753 claues
612 2696 692 2766 regni
719 2696 799 2751 ereio·
861 2715 863 2720 ·
888 2701 1018 2767 Quadam
1029 2699 1076 2755 die
1091 2700 1162 2755 dum
1178 2701 1313 2757 interme
1329 2706 1359 2758 et
1374 2699 1533 2759 familiares
1548 2717 1629 2760 meos
1643 2702 1682 2761 de

96 2789 296 2863 tquocteunqae
311 2788 442 2859 lipaaeris
461 2801 543 2859 super
566 2793 681 2856 terram,
697 2787 750 2841 crit
766 2784 800 2840 li·
854 2788 1120 2845 coasuetudinibus
1141 2788 1336 2846 llcclesierum
1360 2805 1457 2847 sermo
1477 2791 1582 2847 luisset
1597 2807 1680 2849 exor-

96 2878 252 2941 dinatio:
276 2885 302 2934 et
325 2892 496 2950 quecunque
521 2875 637 2932 solveris
651 2877 800 2946 superter·
855 2880 915 2946 tus,
931 2877 1061 2950 quidam,
1078 2877 1128 2949 qui
1157 2877 1314 2951 iumagus
1341 2878 1457 2935 civitate
1484 2878 1680 2938 Alexandrina

95 2969 154 3026 luta
168 2975 250 3022 erunt
265 2974 292 3023 et
305 2968 336 3022 in
355 2967 420 3022 creto
435 2965 539 3039 (ldattlr.
564 2981 622 3032 xri,
648 2964 704 3036 18).
720 2961 802 3020 Unde
853 2966 891 3037 (a)
907 2965 1094 3023 medicinalis
1107 2970 1169 3022 arte
1184 2971 1247 3023 erat
1269 2966 1413 3032 imbutus,
1430 2966 1468 3040 (b)
1494 2968 1677 3027 collectorem

96 3057 189 3114 lm
203 3056 327 3111 dubium
340 3072 396 3112 non
412 3059 458 3111 est
472 3069 561 3126 qnam
578 3053 643 3110 lorti
659 3052 801 3109 amoraad
855 3055 956 3112 12ss
974 3072 1006 3113 se
1020 3054 1096 3127 apud
1122 3054 1286 3126 sophistem
1312 3071 1400 3112 suum
1422 3055 1559 3115 babuisse
1582 3057 1679 3131 perhi-

98 3145 284 3218 astringitis,
300 3161 448 3218 perquem
471 3142 543 3201 solvi
555 3143 593 3215 (a)
608 3144 645 3199 ab
660 3142 798 3198 omuibus
855 3145 929 3214 buit,
954 3160 1075 3202 summa
1107 3144 1259 3217 pravitatis
1279 3160 1415 3217 puerum,
1439 3161 1528 3217 quem
1558 3152 1678 3219 repente

96 3235 424 3295 senisiusdesideratis.
437 3234 502 3305 lpse
517 3233 633 3303 ergosit
648 3231 798 3288 vestricu-
818 3205 924 3291 Cdixit
951 3249 1016 3292 esse
1038 3233 1195 3290 diaconum
1229 3233 1409 3290 ordinatum.
1438 3236 1533 3307 Atque
1561 3234 1677 3293 eddidit

96 3324 173 3398 perii,
185 3324 224 3381 sit
238 3323 320 3380 robis
335 3327 480 3395 protector
495 3323 524 3378 in
539 3321 676 3388 terrs,sit
691 3337 742 3393 pro
753 3336 799 3376 vo·
854 3323 929 3395 quod
951 3339 1003 3396 per
1030 3322 1148 3396 pramis
1172 3327 1199 3377 at
1222 3321 1355 3379 dationes
1376 3322 1529 3379 ordinatus
1559 3322 1675 3392 luisset,

96 3430 208 3472 masor
222 3412 348 3482 incaelo,
365 3421 397 3468 ut
422 3428 473 3483 por
492 3411 546 3467 hoa
561 3409 649 3482 quod,
667 3409 798 3467 relevatis
852 3412 922 3485 quis
936 3413 1067 3470 eamdem
1083 3411 1325 3468 consuetudinem
1341 3410 1372 3467 in
1387 3419 1487 3469 sanate
1501 3411 1677 3470 Alexandri·

96 3503 254 3574 ruderibus,
270 3504 300 3559 in
316 3506 412 3558 aestro
426 3500 550 3573 irnperio
567 3500 795 3572 subJectosgau·
852 3519 891 3559 ns
910 3501 1038 3558 Ecclesia
1067 3500 1246 3558 convaluisse
1270 3500 1426 3557 letabatur.
1447 3501 1529 3566 Quod
1556 3517 1609 3574 ego
1623 3518 1677 3558 au·

96 3593 162 3660 titis,
179 3598 247 3666 post
266 3591 359 3648 multa
374 3607 519 3648 annorum
540 3595 672 3663 tempora
691 3589 720 3646 in
743 3605 797 3646 cre·
853 3592 937 3649 diens
951 3591 1099 3664 obstupui,
1114 3595 1144 3647 et
1157 3589 1239 3647 valde
1264 3589 1387 3646 miratus
1410 3607 1489 3657 sum,
1512 3589 1582 3663 quis
1605 3607 1675 3648 san·

96 3697 143 3756 qno
157 3681 311 3755 gaudeatis
326 3682 416 3754 (loon.
431 3679 507 3737 Diae.
526 3678 576 3735 tib.
593 3696 630 3748 ιι,
642 3695 666 3737 e.
686 3679 743 3749 22).
851 3679 972 3738 ctissimi
987 3695 1021 3736 ac
1037 3677 1201 3736 beatissimi
1223 3678 1277 3736 viri
1299 3678 1400 3735 domui
1423 3678 1537 3752 Eulogii
1565 3679 1678 3751 lingue,

251 3789 428 3847 gpngogq
457 3789 514 3844 XL,
852 3778 989 3842 quotam
1006 3767 1113 3825 multos
1129 3766 1280 3824 hereticos
1291 3767 1327 3823 ad
1344 3767 1431 3825 iidem
1446 3766 1677 3825 catholicsmrs·

96 3896 173 3938 ,cm
199 3895 400 3936 „mmm
430 3892 796 3935 00N3„N„N0„0u„,0„‚
851 3862 947 3927 vocat,
963 3857 1152 3914 simoniacam
1165 3855 1299 3912 heresim
1316 3854 1352 3912 de
1367 3862 1470 3913 sancta
1483 3855 1680 3914 Alexandrina

96 3976 153 4026 ,αἱ
167 3972 243 4041 pac„
258 3967 351 4024 nugi,
365 3986 382 4024 a
397 3968 510 4039 mg,
531 3967 698 4024 (inimum,
718 3965 797 4022 mul„
852 3944 981 4003 Ecclesia
998 3961 1056 4002 non
1072 3945 1172 4002 erasit.
1197 3943 1233 4000 ut
1257 3943 1325 4015 quis
1348 3944 1404 4001 erit
1418 3946 1504 4018 cujus
1518 3944 1681 4004 exhortatio

96 4044 175 4099 ineat.
192 4040 367 4097 Commendat
387 4041 563 4114 bonifacium
586 4039 743 4094 diaconum.
851 4034 896 4093 vel
911 4033 1052 4091 correctio
1067 4033 1121 4091 hoo
1146 4033 1252 4105 polerit
1275 4034 1444 4103 emendare,
1469 4033 1495 4091 ai
1520 4050 1628 4107 magne
1650 4037 1681 4094 et

96 4126 794 4202 riusCyriseopatriarchaeConstantinopolitano.
851 4122 1034 4182 admirabilis
1055 4122 1187 4179 doctrina
1206 4123 1270 4194 elus
1292 4120 1346 4179 hoc
1376 4123 1441 4179 sino
1474 4124 1680 4181 emendatione

97 4219 164 4276 seit
178 4217 258 4290 pacis
272 4219 373 4285 virtus,
390 4215 670 4285 cbarissimelrater,
684 4230 797 4273 exvoce
852 4211 1028 4286 reliquerit?
1049 4209 1132 4269 Unde
1157 4228 1208 4285 pro
1233 4209 1417 4268 absolutione
1440 4211 1545 4269 anime
1565 4218 1678 4284 vestre,

96 4306 797 4381 mdiligentiusiutuentes,quasittPacemmeurn
851 4322 903 4380 pro
915 4307 1073 4376 augmento
1088 4301 1229 4358 mercedis
1248 4305 1358 4369 vestra,
1385 4306 1417 4358 ut
1440 4307 1508 4358 ante
1529 4301 1674 4358 tremendi

104 4400 195 4472 (loun.
211 4413 270 4463 xta,
294 4397 352 4468 27).
364 4397 404 4452 ita
426 4397 456 4452 in
468 4397 534 4468 ejus
546 4412 599 4452 nos
616 4395 698 4451 decet
711 4393 797 4451 dilec·
851 4394 953 4455 oculos
966 4390 1077 4449 iudicia
1093 4397 1187 4447 restra
1201 4389 1231 4445 in
1246 4391 1385 4447 omnibus
1396 4390 1521 4461 perleula
1536 4388 1596 4445 sint
1609 4403 1678 4460 ope·

96 4488 236 4555 insistere,
251 4491 284 4542 ut
298 4484 394 4542 locum
407 4488 536 4559 prebere
549 4483 700 4541 discordiae
715 4483 797 4540 nullo
853 4501 897 4551 ra,
912 4481 1050 4539 festinare
1078 4478 1189 4536 debetis
1217 4477 1408 4535 simoniacam
1437 4476 1583 4546 haeresim,
1613 4490 1677 4549 qum

96 4577 243 4634 abeamus.
265 4574 321 4631 Sed
344 4576 414 4647 quis
439 4575 468 4631 iu
485 4573 581 4630 radice
597 4572 688 4646 ipsius
703 4573 835 4649 viveret)
852 4574 945 4647 prima
964 4571 993 4627 in
1017 4567 1143 4625 llcclesla
1166 4570 1264 4623 exorta
1286 4571 1374 4635 est,a
1396 4564 1583 4623 sanctissima
1607 4566 1676 4623 sede

96 4681 126 4722 sn
138 4663 345 4730 ralemus,nisi
357 4667 455 4720 mente
466 4668 494 4719 et
506 4669 574 4719 actu
584 4661 793 4731 humilitatem,
850 4660 1066 4733 vestra,(c)qua
1077 4662 1236 4724 nostrsest,
1247 4655 1676 4729 funditusevellercstqueera·

96 4771 147 4829 psa
171 4764 274 4812 auctor
294 4756 374 4827 pacis
387 4755 496 4821 docuit,
508 4759 668 4820 teneamus,
680 4768 746 4808 oum
762 4768 796 4809 es
851 4753 959 4809 dicare.
976 4749 1096 4818 Propter
1111 4750 1165 4804 boa
1178 4746 1287 4803 etenim
1301 4744 1423 4816 contigit
1442 4750 1474 4801 ut
1497 4745 1673 4802 ecclesiasti·

96 4859 180 4916 ‚equa
190 4843 364 4916 dignumest
372 4842 528 4900 suademus
538 4847 569 4897 ut
580 4842 728 4914 protanam
739 4840 795 4898 ela·
850 4857 950 4900 eorum
966 4839 1102 4897 ordinum
1118 4853 1134 4894 s
1150 4835 1284 4910 plurimis
1299 4834 1441 4892 sanctitas
1455 4834 1583 4903 caderet,
1600 4832 1672 4906 quie

96 4971 179 5038 rausi,
189 4972 216 5027 si
229 4969 297 5042 qnid
312 4973 342 5027 iu
364 4971 438 5027 volu
453 4970 633 5041 delinquitur.
650 4968 702 5025 Bia
721 4970 796 5025 uocis
849 4970 906 5024 bus
919 4965 1059 5037 Cyriacus
1072 4959 1425 5032 constantinopolitanam
1443 4959 1563 5033 regebat
1577 4957 1672 5016 llccle·

96 5042 366 5100 sismusinum
387 5041 461 5117 psal.
492 5059 517 5110 n,
542 5043 593 5098 tibi
616 5039 669 5096 soli
684 5041 797 5113 peccaui
850 5056 936 5103 aram,
954 5036 1182 5106 universalisque
1207 5033 1336 5105 episcopi
1367 5034 1553 5099 vocabulum,
1582 5034 1673 5089 inuita

96 5118 136 5171 tra
151 5123 176 5170 te
190 5114 287 5170 nolum.
851 5119 953 5168 sancto
977 5106 1127 5179 Gregorio,
1152 5104 1324 5178 usurpabat,
1350 5107 1555 5162 commuuione
1574 5109 1672 5161 umen

98 5185 199 5242 ullas.
225 5185 381 5241 dissideat.
410 5185 443 5241 lu
467 5184 560 5241 Vatic.
582 5183 646 5241 Det
663 5182 764 5239 Rham.
787 5201 794 5240 :
851 5187 974 5240 serrata.

96 5260 219 5313 innostra
228 5259 331 5327 putate
341 5257 500 5314 Puteberiae
509 5255 795 5327 Augustaelementia.
886 5255 924 5324 (b)
936 5252 966 5307 lu
982 5248 1059 5308 colb.
1076 5253 1104 5306 et
1118 5247 1230 5314 Narm,
1241 5245 1522 5319 scandalumauserre
1535 5247 1569 5305 de
1583 5246 1672 5305 medlo

104 5328 125 5385 F
142 5344 149 5385 :
166 5328 261 5384 Sedeat
278 5330 352 5384 nebu
366 5332 395 5385 in
411 5331 502 5383 uestra
521 5328 622 5398 pilate
641 5327 797 5382 Puleberioe
851 5325 989 5381 doctrine.

96 5400 259 5456 rrlemeata'a
276 5403 355 5456 Culb.
368 5398 729 5469 et'luron.,seddatnubis,
743 5401 797 5452 tor·
887 5397 980 5450 daur.
997 5392 1054 5448 titt
1069 5390 1123 5464 [lt.
1140 5390 1195 5461 48].
1213 5420 1246 5432 -
1262 5393 1298 5453 (ul
1313 5395 1424 5459 Neam,
1441 5391 1615 5450 medicinam
1639 5390 1678 5448 le·

96 5487 155 5528 ute
168 5474 214 5527 dat
229 5475 346 5529 aubis...
357 5473 512 5535 clementia,
525 5478 555 5525 ut
574 5471 680 5541 legitur
691 5472 719 5524 la
738 5472 796 5525 Au·
851 5473 937 5540 amat.
955 5466 1069 5529 libem„
1084 5462 1259 5517 medicinalis
1277 5473 1348 5519 erut.

98 5543 240 5616 Lyramet
258 5545 369 5600 Gcaaet.
387 5543 416 5600 lu
433 5542 576 5606 beccensi,
593 5541 688 5597 reddat
705 5540 796 5597 nabis.
888 5539 926 5611 (lt)
943 5534 1032 5591 Vatia.
1050 5540 1081 5599 tt,
1096 5539 1287 5595 coniectorem.

97 5629 113 5670 c
128 5631 282 5687 sequimur
293 5618 411 5679 turon..
428 5613 538 5677 Nurm„
553 5613 645 5669 Colb..
659 5615 733 5669 duos
745 5613 798 5670 Va·
889 5616 921 5680 te)
936 5609 975 5663 Da
989 5607 1079 5663 trium
1096 5610 1192 5660 saucii
1212 5605 1288 5660 Petri
1303 5603 1432 5669 sedium,
1447 5607 1559 5664 scilieet
1572 5605 1676 5661 itoma-

96 5685 217 5743 saeuus
237 5693 267 5743 et
294 5688 323 5743 in
351 5685 500 5743 nonnullis
527 5691 604 5753 tiss,
619 5686 654 5741 ab
668 5685 798 5743 omnibus
853 5698 907 5747 aa,
931 5680 1130 5735 Alenndrinrc
1147 5685 1178 5734 et
1196 5676 1383 5732 Antiocheae
1412 5680 1524 5736 unitate
1543 5678 1610 5732 vida
1624 5688 1678 5728 su·

97 5773 144 5813 am
159 5762 278 5814 necibus
291 5757 463 5814 desineretis.
854 5770 916 5826 pra,
933 5750 983 5806 lib.
1008 5764 1057 5820 aa,
1077 5747 1167 5820 epist.
1190 5748 1234 5805 to.
1256 5747 1330 5820 lege
1353 5749 1550 5817 uruomsrum,
1574 5753 1677 5817 apuso-

96 5828 231 5901 extimi.
243 5827 343 5901 tat·
354 5829 467 5900 (altam
479 5828 799 5907 sexenniereutsqui·
854 5827 900 5890 55.
917 5838 942 5879 ο.
959 5822 1003 5882 lb.

111 5930 246 5994 Person.
270 5926 413 5993 lxxvii.
1504 5917 1543 5977 tt
