3908 6156
72 190 151 255 1353

76 328 192 384 decima
206 323 292 384 tertia
306 329 334 382 et
344 324 572 397 decimaquarta
583 324 752 383 indictionis
766 341 804 380 ιιι.
817 323 899 390 Quod

76 404 177 457 autern
192 399 227 454 sd
238 397 347 453 librum
358 414 366 451 i
378 395 522 468 pertineat
536 397 598 453 hec
607 395 899 469 epistola,eruitures

72 470 206 553 ejusdem
222 469 291 551 libri
309 484 354 540 ep.
372 470 418 551 335,
439 484 527 540 quam
544 470 569 524 ei
586 485 652 550 eum
678 469 742 552 ipsa
757 468 898 536 conteras,

71 541 328 668 pcgteffiixusssffle
335 539 814 693 ιβιῗὲιὲιιῗιῗιιῐιῗὲιιῗυιὲιιΐέἴιῗιὶιιιο,
831 625 896 682 pag.

72 684 137 753 tec,
153 682 307 757 epistolam
322 687 408 739 Petra
421 684 601 739 subdiacono
618 690 798 753 inscriptam,
810 697 896 752 quam

72 757 205 813 nondum
226 757 302 826 typis
317 770 452 811 excusam
469 755 582 826 primus
597 754 690 809 edidit
702 753 765 835 ipse
783 751 826 809 vir
841 752 897 808 ela·

71 828 212 885 rissimas
227 826 392 898 Stephanus
409 824 550 882 ltaluziiis.
567 826 614 881 Sic
631 825 732 895 incipit
750 825 808 880 bec
823 824 897 893 epis·

72 899 141 968 tola,
153 914 217 971 quae
232 914 311 955 nunc
326 902 370 953 est
381 898 532 969 trigesima
542 902 623 953 sexta
633 896 701 953 libri
718 897 817 967 primi,
828 896 896 951 Per·

70 974 150 1041 cesti
164 968 226 1037 tilii,
237 974 292 1025 ete.
306 969 402 1039 ipsius
417 969 551 1026 meminit
566 972 687 1024 sanctas
702 968 857 1040 Gregorius
867 967 896 1022 in

70 1041 196 1115 epistole
210 1041 280 1097 olim
293 1040 519 1110 septuagesima,
532 1056 610 1096 nunc
625 1040 842 1111 septuagesima
854 1053 897 1094 se·

69 1115 169 1171 cunda
180 1111 244 1169 libri
258 1110 357 1184 primi,
367 1113 491 1182 dataque
501 1117 546 1167 est
556 1127 614 1167 iiiii
626 1110 748 1166 Kalend.
763 1108 872 1183 Aprilis
886 1126 893 1164 :

69 1185 159 1256 igitur
171 1188 373 1256 premittenda
387 1182 515 1254 epistolae
525 1183 594 1239 alim
605 1182 836 1253 quadragesimas
847 1197 897 1236 se—

70 1258 186 1318 cundia.
202 1271 279 1311 nnnc
294 1255 522 1326 quadragesime
546 1259 668 1326 quarte,
684 1258 750 1325 post
774 1251 897 1309 Pascha·

70 1328 130 1385 lem
146 1328 330 1384 testivitatem
346 1328 473 1398 scripte.

105 1400 135 1454 3.
151 1400 192 1455 Es
214 1398 266 1455 lib.
289 1396 359 1455 elim
374 1414 403 1462 x,
426 1397 531 1469 quinta
555 1395 726 1463 indictione,
743 1393 894 1466 epistolam

92 1470 328 1541 andragesimam
340 1469 657 1541 quartam.Commotus
665 1467 809 1524 Gennadii
819 1468 894 1522 lama

70 1486 237 1603 arnaulfus.
253 1557 288 1596 ex
300 1539 478 1596 hostibusad
493 1539 592 1612 ipsam
603 1539 741 1607 coniurat.
754 1537 893 1595 Gennadii

68 1613 204 1671 victorias
220 1613 412 1683 bellicamque
424 1610 502 1667 illius
516 1611 642 1684 gloriam
654 1611 683 1666 in
699 1609 836 1682 Epistolie
848 1613 892 1664 ia·

473 190 753 257 eptstotitetttt
776 190 808 252 S.
832 188 1020 253 cneaotttt
1041 194 1176 258 vntum*
1198 198 1376 264 TABUIAE.

1699 210 1777 273 teti

915 324 984 397 pia
996 325 1077 383 Colb.
1089 330 1178 385 veteri
1194 331 1263 389 deta
1275 337 1318 389 est
1333 351 1378 390 xiii
1394 335 1452 391 ilai.
1469 335 1559 405 lanii,
1576 337 1638 396 ind.
1653 356 1681 395 ιι.
1699 341 1776 397 Ριι-

954 401 1043 463 ιιιιι,
1054 400 1154 483 uttam
1168 403 1360 477 advertimus,
1371 410 1442 463 taire
1455 406 1564 464 bellum
1573 410 1712 469 adversus
1724 413 1779 472 Ro·

955 485 1057 551 mancs
1077 472 1206 530 Ariullns
1229 479 1342 547 agebat.
1366 478 1436 534 Vide
1460 478 1629 539 indictionis
1654 484 1774 542 decline

953 541 1183 623 epistolamolim
1196 548 1373 619 trigesimam
1384 552 1640 622 secundam,nuoc
1651 558 1775 625 quadra·

952 628 1094 685 gesimam
1106 620 1215 699 saritam
1229 619 1264 673 nd
1275 620 1370 687 loen,
1382 621 1552 705 episcopum
1566 624 1773 683 Ravennatem.

987 683 1466 766 7..Exsepltmnadhacindicticne
1476 694 1645 777 vigesimam
1658 699 1774 755 tertiam

952 756 981 809 et
995 771 1164 841 vigesimam
1180 768 1311 886 Ἣιιιιιιιι
1327 779 1403 819 nunc
1420 765 1600 848 trigesimam
1618 773 1645 824 ιι
1662 770 1775 842 trigesi-

953 841 1031 908 mam
1047 844 1170 898 primam
1207 832 1259 889 ibri
1277 836 1491 906 secundinum
1516 839 1616 895 eadem
1643 846 1774 913 tempore

952 913 1075 979 scriptas
1091 916 1148 973 qua
1163 902 1282 960 decime
1294 906 1464 963 indictionis
1479 907 1603 992 epistole
1618 911 1686 967 olim
1700 912 1775 985 vige·

952 984 1028 1051 sima
1042 973 1181 1039 secunda,
1197 990 1275 1032 auae
1292 978 1439 1047 trigesima
1453 985 1570 1049 quinta,
1587 981 1695 1055 legenti
1717 1000 1775 1041 nen

952 1048 1007 1096 erit
1022 1042 1190 1101 obscurum.

964 1181 969 1194 .
986 1111 1016 1194 ιιἸ
1025 1112 1065 1168 llis
1076 1115 1175 1172 eadem
1186 1117 1344 1174 indictione
1359 1120 1551 1192 trigesimam,
1564 1139 1627 1195 que
1643 1140 1720 1181 niinc
1732 1132 1777 1183 est

951 1182 1017 1239 libri
1033 1187 1154 1243 secundi
1172 1188 1321 1261 trigesima
1336 1192 1475 1249 secunda.
1490 1194 1605 1250 Decima
1618 1196 1776 1255 indictione

950 1254 1048 1338 datam
1070 1273 1133 1313 eam
1150 1259 1241 1316 luisse
1265 1277 1298 1316 eii
1313 1268 1449 1319 contextu
1475 1264 1590 1336 liquet:
1615 1268 1773 1337 pensiones,

950 1334 1043 1452 natiuit
1055 1329 1090 1384 nd
1102 1328 1217 1387 Petrum
1229 1337 1349 1389 sanctus
1360 1334 1529 1407 Gregorius,
1538 1353 1618 1395 uariae
1628 1344 1654 1395 et
1664 1340 1775 1397 decimae

950 1400 1205 1473 intercoruscans
1224 1406 1350 1472 esectsti,
1365 1414 1391 1461 et
1412 1406 1533 1464 rationes
1552 1426 1644 1466 omnes
1664 1414 1775 1483 pariter

950 1468 1070 1539 deporta.
1088 1471 1184 1540 Stude,
1200 1476 1227 1530 si
1250 1475 1301 1531 ileo
1320 1476 1467 1547 placuerit,
1484 1484 1513 1533 ut
1536 1478 1566 1535 in
1585 1480 1655 1537 tanc
1678 1483 1773 1539 urbem

949 1543 1145 1622 ante-iratulern
1161 1544 1236 1600 beati
1250 1545 1384 1618 Cypriani
1398 1557 1537 1605 transeas.
1550 1552 1688 1608 Preterea
1705 1555 1773 1625 lepi-

949 1616 996 1666 tur
1013 1629 1041 1667 iii
1058 1613 1233 1672 Collectiono
1252 1617 1333 1673 Pauli
1350 1618 1470 1676 Diaconi
1485 1622 1550 1677 data
1569 1640 1599 1678 iii
1609 1623 1707 1681 Nonae
1720 1625 1773 1682 Jtt-

69 1684 198 1741 dietinae
211 1700 288 1740 nona
303 1684 377 1739 datie
393 1682 520 1739 celebrat
534 1692 655 1739 sanctus
667 1682 823 1762 Gregorius
838 1699 847 1735 :
863 1681 892 1735 iii
911 1702 934 1767 Β
951 1684 991 1737 nii
1007 1682 1182 1743 indictionis
1198 1688 1327 1744 decinis.

69 1757 282 1828 posterioribus
300 1770 471 1825 nunquam
488 1756 547 1810 imo
573 1762 637 1826 post
653 1752 822 1809 indictionis
846 1753 896 1807 de·
985 1754 1012 1807 9.
1030 1755 1069 1810 Ex
1084 1758 1211 1827 septima
1225 1759 1515 1833 insuperiadirtione
1526 1763 1695 1845 vigesimam
1712 1784 1774 1825 ses·

69 1828 153 1885 cimai
163 1827 271 1898 quietae
280 1826 396 1881 initium
409 1826 489 1882 nulla
500 1825 641 1882 Gennadii
653 1824 772 1879 mentio.
785 1823 895 1895 Ipsius,

69 1899 231 1955 indictione
239 1897 334 1965 tertia,
345 1913 497 1954 successor
506 1897 694 1953 Innocentius
706 1895 898 1967 legiturepie·

69 1970 129 2028 tols
143 1968 214 2027 olim
238 1970 388 2035 tricesima
410 1970 536 2040 septima
557 1972 587 2024 et
609 1967 760 2039 trigesima
784 1974 895 2035 octava,

69 2057 148 2098 nnnc
164 2057 230 2098 vero
241 2041 390 2111 trigesima
403 2056 504 2097 actara
515 2045 543 2096 et
557 2038 708 2109 trigesime
724 2054 810 2095 nona.
823 2038 895 2109 Ergo

67 2112 130 2169 baec
150 2112 274 2184 epistola
300 2128 450 2168 remanere
475 2128 532 2168 nair
556 2110 656 2166 debuit
682 2111 711 2165 in
737 2110 895 2166 indictione

67 2185 181 2256 quinta,
197 2186 245 2240 sed
260 2182 380 2240 indictio
398 2200 474 2240 noea
486 2182 543 2254 ipsi
559 2182 653 2255 magis
670 2180 814 2237 convenit.

85 2272 124 2329 11.
140 2274 160 2330 Α
175 2288 248 2328 nona
261 2270 411 2328 indictione
426 2272 573 2344 epistolam
588 2271 698 2327 nullam
710 2286 876 2326 amonemur.

65 2353 119 2410 111.
135 2355 168 2409 ln
187 2368 263 2409 nona
282 2352 434 2410 indictione
460 2352 590 2424 epistolas
608 2350 678 2407 duas
698 2350 734 2406 nd
750 2352 896 2423 preprium

345 2424 435 2480 locum
450 2439 620 2481 revocamus.

103 2505 128 2560 t.
155 2504 277 2562 Decime
300 2520 383 2560 none
407 2504 551 2561 decimani
578 2502 746 2585 jungimus,
771 2501 839 2573 qaia
866 2500 894 2556 in

68 2584 195 2648 utraque
208 2576 309 2633 eadem
352 2592 451 2633 rursus
467 2580 531 2631 tum
553 2573 649 2630 Natali
670 2573 818 2645 episcopo,
834 2580 895 2628 tum

69 2651 215 2705 Honorato
238 2647 318 2703 archi
344 2648 455 2714 ieeoiio,
480 2645 569 2703 simul
594 2644 710 2701 abillis
733 2645 897 2715 prestanda

69 2720 260 2777 mandantur.

103 2792 132 2846 2.
147 2790 399 2863 Septuagesimam
412 2793 542 2845 octavam
560 2788 766 2860 postponimus
777 2794 894 2859 septue-

69 2863 189 2934 gesime
203 2878 297 2931 nonae,
313 2878 401 2932 quain
415 2878 431 2915 a
445 2860 661 2933 septuagesima
681 2863 764 2914 serta
780 2864 808 2914 et
829 2872 896 2928 sep-

70 2933 237 3007 tuagesima
251 2933 377 3016 septima
391 2933 420 2988 in
432 2934 564 2988 eamdem
580 2948 613 2987 ac
629 2930 636 2985 i
642 2946 691 3001 psa
703 2946 762 2986 rem
776 2930 894 3002 scriptis

71 3022 130 3063 noa
147 3005 220 3062 bene
234 3005 393 3062 dividebat.

262 3091 367 3148 LIBER
388 3092 424 3149 tt.
443 3088 648 3147 lelC'llthE
667 3088 701 3145 X.

70 3172 92 3229 l.
109 3170 227 3228 &cimas
244 3171 392 3227 indictioni
410 3170 554 3227 reddimus
574 3170 703 3240 epictetus
723 3167 891 3239 quindecim.

84 3252 130 3335 .¹·
147 3251 189 3333 liii
204 3249 253 3305 lib.
278 3251 383 3335 ultimo
402 3250 528 3320 septima
554 3248 712 3330 indictio-ne
724 3246 891 3331 ⁸epistelam

64 3319 892 3471 litingi.titilluttttttttttltltt,titt

62 3464 175 3521 bellum
190 3470 261 3520 tuno
282 3464 373 3520 luisse
394 3463 540 3519 Roiiianas
562 3463 637 3517 inter
659 3470 686 3517 et
699 3461 780 3517 Ariul
805 3461 888 3527 buin,

62 3535 322 3608 Langobardorum
335 3535 410 3607 apud
426 3534 702 3605 Spaletamducem.
719 3478 802 3599 ocul
816 3533 888 3588 reie-

66 3608 190 3665 rendam
206 3622 270 3664 esse
285 3609 320 3663 ad
337 3606 526 3661 indictionem
543 3605 688 3660 decimam
705 3606 764 3659 iere
777 3609 889 3659 canstat

64 3678 232 3751 exepistola
241 3678 312 3735 clim
329 3678 480 3747 trigesima
492 3677 631 3740 secunda,
642 3692 720 3730 nune
731 3677 889 3801 ffuadrage·

63 3754 140 3807 sima
152 3750 377 3817 sextaejusdem
389 3749 558 3805 indictionis
570 3748 724 3818 scriptaad
752 3762 887 3816 oannem,

62 3824 232 3892 episcopum
245 3821 451 3877 Rauennatem.
465 3826 606 3877 Praeterea
620 3820 652 3875 in
663 3835 718 3873 iiis.
730 3818 793 3873 cod.
806 3817 885 3874 Colb.

63 3894 166 3962 veteri,
176 3898 205 3948 et
220 3892 249 3948 ia
260 3892 433 3948 collectione
445 3891 525 3947 Pauli
542 3890 661 3945 Diaconi
674 3889 886 3957 manuscripta,

63 3965 131 4091 bujo
147 3964 278 4035 epistole
302 3965 469 4036 appositum
493 3963 641 4033 legimus:
666 3977 680 4013 i
702 3962 763 4015 liat
780 3960 886 4027 Oclol,

62 4053 92 4092 sn
116 4077 122 4091 .
139 4052 168 4091 x.

96 4108 124 4162 2.
140 4103 181 4162 Eii
197 4106 298 4163 eodeni
323 4104 385 4173 lib,
403 4103 524 4177 septima
548 4101 717 4169 indictione,
743 4102 885 4158 decimam

62 4194 182 4242 nonem,
195 4173 871 4249 quenunceetbujualibriqaarta:unianimi

63 4267 129 4306 rum
146 4248 214 4305 data
229 4253 272 4305 est
288 4265 319 4303 in
332 4247 428 4304 Nonas
448 4247 564 4303 Octobr.
581 4245 751 4302 indictionis
767 4245 884 4301 decime

63 4322 92 4377 in
108 4319 235 4376 Celbcrt.
252 4319 350 4376 veteri.

95 4392 124 4447 3.
141 4390 181 4447 Ex
193 4392 244 4448 hac
256 4390 381 4463 septima
392 4389 550 4445 indictione
560 4388 716 4455 decimam,
730 4404 793 4459 que
806 4401 884 4444 nune

62 4467 109 4519 est
123 4462 214 4533 hujus
239 4462 303 4518 libri
318 4462 442 4588 §einim
460 4460 537 4532 quad
556 4463 584 4515 in
608 4458 781 4515 collectione
804 4444 923 4514 Piutttt

61 4534 177 4607 legatur
192 4534 259 4590 data
272 4550 304 4589 iii
345 4550 392 4589 on.
409 4531 537 4599 Octobr„
554 4531 712 4587 indictione
728 4547 754 4585 x.

97 4607 123 4661 i.
142 4605 182 4660 Er
198 4604 247 4662 lib.
264 4605 334 4661 olim
351 4607 466 4675 quarte,
483 4604 597 4659 decima
612 4602 696 4658 tertia
715 4601 885 4667 indictione,

62 4677 220 4747 septimam
233 4681 260 4734 et
271 4680 414 4742 octavam,
428 4674 675 4759 quasvipcsimnm
691 4674 846 4729 secundnm
858 4679 887 4729 et

60 4747 237 4819 trigesimam
253 4747 369 4804 tertiam
393 4746 481 4817 hans
498 4746 563 4801 libri
584 4744 725 4802 invenies.
741 4743 776 4799 Ut
791 4753 885 4798 autem

59 4819 124 4876 haec
139 4819 262 4876 mutatio
275 4820 364 4887 lieret,
374 4817 401 4873 id
410 4818 439 4873 in
450 4833 534 4873 caiisa
546 4816 701 4872 luit.Prius
710 4815 786 4870 haud
799 4814 886 4871 dubie

59 4889 401 4971 electusastloaanesiii
414 4886 884 4982 episcopumprimewlustiiiicna,

58 4957 886 5111 tttttttttiflttttttittttttttlt.¹i.⁰,¹ttti,it

60 5110 133 5162 sunt
142 5106 360 5162 ‹lecimaetertiss
372 5103 540 5159 indictionis
549 5099 676 5172 epistolae
685 5100 755 5156 cliiii
763 5104 886 5171 septima

59 5183 89 5233 et
99 5178 248 5243 octava,de
263 5175 394 5231 unanimi
405 5175 528 5231 loannis
540 5173 781 5254 electionequeiii
793 5176 883 5237 sexta,

58 5248 197 5321 septima,
210 5252 237 5303 el
249 5247 400 5313 tricesima
415 5255 515 5303 actara
530 5244 691 5300 undecimae
706 5242 884 5312 indictionis,

59 5319 90 5377 iii
107 5319 215 5392 quilius
232 5318 400 5375 ichaannis
415 5318 556 5373 adversus
571 5316 751 5371 lindriacum
768 5320 884 5370 senten·

60 5392 101 5449 tia
118 5390 285 5447 disseritur.

95 5464 124 5517 5.
142 5466 182 5518 tls
197 5462 271 5519 libro
287 5462 356 5518 olim
377 5477 429 5527 xii,
446 5459 571 5531 septima
593 5457 761 5527 indictione,
777 5455 869 5527 vigesi

61 5550 154 5599 mam,
171 5551 235 5605 quie
250 5550 328 5589 nnnc
342 5539 384 5587 est
400 5532 488 5597 baius
503 5530 569 5586 iibri
584 5530 725 5601 vigesima
741 5526 885 5585 oetavaln

57 5603 237 5662 Collecticne
247 5607 325 5662 enlm
337 5602 419 5660 Pauli
431 5602 667 5669 Diaconi‚nliisiie
680 5598 886 5671 manuscriptis

58 5677 131 5734 data
146 5682 192 5733 est
213 5694 260 5732 xiv
281 5674 340 5731 Kal.
367 5675 458 5743 lunii,
473 5674 534 5730 ind.
561 5691 589 5729 s.
607 5674 648 5729 lle
667 5672 825 5743 Stephano,
849 5672 885 5727 ad

58 5764 147 5821 quem
164 5748 273 5831 scripta
292 5751 344 5817 est,
361 5746 466 5804 Sicilie
485 5744 671 5812 chartulario,
688 5747 784 5817 agitur
799 5742 886 5817 paulo

57 5825 128 5893 post
142 5818 172 5874 in
187 5826 273 5892 epist.
290 5818 377 5876 tertia
392 5816 444 5873 lib.
461 5833 504 5885 tii,
519 5816 621 5874 indict.
637 5832 676 5874 xi.

95 5893 123 5949 a.
136 5890 177 5947 lis
186 5892 285 5947 aedem
298 5888 424 5961 septims
436 5886 775 5961 indictionerigesimam
784 5902 887 5945 secuit·

56 5960 627 6035 dam,liliribnjasvigesimsmncnem
637 5958 887 6035 odecimns3qnta

221 6064 356 6127 Parnon.
377 6058 528 6129 cxxvii.

950 1829 1021 1891 tam,
1034 1829 1302 1901 nuuctrigosimani
1315 1838 1446 1903 quartam
1457 1833 1565 1890 laudati
1579 1835 1774 1912 libri.Scripte
1847 1872 1850 1877 ·
1914 1818 1921 1831 ⁸

949 1901 993 1952 est
1005 1913 1061 1952 non
1073 1898 1164 1955 multo
1173 1906 1237 1971 post
1249 1903 1481 1971 trigesimamde
1491 1921 1547 1974 quo
1558 1922 1623 1963 mox
1634 1910 1774 1966 diximus.

951 1969 981 2023 Ia
997 1967 1051 2024 bac
1067 1970 1145 2024 euim
1168 1972 1321 2054 trigesima
1335 1973 1419 2030 Petro
1438 1976 1619 2035 subdiacono
1644 1981 1774 2039 dolorem

950 2055 1037 2122 suain
1051 2041 1088 2096 de
1100 2043 1240 2115 pioeeipiti
1254 2044 1421 2100 Maximiani
1433 2048 1561 2119 episcopi
1578 2052 1775 2111 sententiosis

949 2116 1059 2181 aperit:
1084 2115 1167 2183 AEpre
1191 2122 1282 2171 tamen
1304 2114 1357 2171 tuli
1380 2116 1450 2187 pund
1474 2118 1604 2174 domnum
1626 2123 1774 2182 Eusebium

950 2183 1095 2253 (abbatem
1113 2185 1148 2239 ad
1164 2202 1251 2256 quem
1268 2191 1453 2256 postmodum
1469 2189 1588 2245 decime
1603 2191 1772 2252 indictionis

949 2253 1178 2324 epistolamoliia
1186 2258 1355 2329 vigesimam
1363 2263 1773 2335 quartammunctrigesimam

950 2330 1062 2381 sentent
1078 2327 1169 2394 dedit)
1183 2332 1461 2385 excommunicarit...
1479 2332 1553 2387 Unde
1566 2348 1673 2391 necesse
1686 2346 1726 2392 est
1741 2341 1771 2392 nt

949 2395 1037 2452 eidem
1051 2396 1153 2478 deciano
1163 2399 1288 2471 episcopo
1302 2404 1404 2457 secrete
1413 2401 1499 2471 dicas,
1511 2408 1650 2475 anabuns
1665 2408 1694 2463 iu
1707 2423 1771 2479 pro·

949 2466 1072 2535 serendis
1087 2471 1231 2527 sententiis
1241 2485 1361 2544 preceps
1376 2488 1431 2529 nen
1445 2475 1492 2529 sit.

988 2540 1032 2595 10.
1047 2541 1087 2594 Es
1103 2539 1176 2597 libro
1192 2541 1261 2598 olim
1277 2543 1501 2615 quartadecima
1516 2546 1600 2603 tertia
1613 2547 1772 2607 indictione

950 2611 1202 2682 quadragesimam
1215 2612 1338 2685 primam
1349 2615 1639 2688 etquadrngesimam
1646 2621 1772 2691 tertiam,

951 2697 1015 2753 que
1031 2684 1264 2741 nuncsuctlibri
1275 2686 1394 2742 secundi
1410 2688 1633 2760 quadragesima
1643 2691 1773 2750 secunde

951 2759 980 2834 et
990 2755 1215 2837 quadragesima
1226 2756 1331 2828 prima.
1342 2762 1382 2813 lix
1392 2774 1449 2828 quo
1462 2760 1773 2819 leontiusltriminea-

951 2840 992 2880 sie
1013 2824 1147 2906 Ecclesiae
1175 2827 1459 2885 administrationem
1487 2832 1624 2903 suscepit,
1648 2834 1685 2889 de
1713 2850 1772 2905 qua

950 2900 1041 2977 agunt
1051 2896 1385 2978 indictionisuadecime
1396 2901 1659 2975 epistelavigesima
1668 2914 1771 2977 quarta

950 2975 977 3022 et
992 2982 1129 3038 vigesima
1146 2970 1326 3039 quinta.jam
1338 2988 1395 3026 non
1407 2971 1530 3028 Arimini
1542 2976 1591 3030 sod
1609 2974 1704 3031 Rome
1716 2976 1767 3033 de·

950 3037 1033 3121 gebat
1042 3039 1200 3095 castorius.
1211 3039 1283 3096 Vide
1294 3041 1414 3111 ibidem,
1426 3050 1452 3098 et
1468 3043 1637 3102 indictionis
1648 3047 1770 3105 decimae

949 3109 1099 3181 epistolam
1116 3109 1186 3166 olim
1202 3112 1551 3185 vigesimamsecundnm,
1563 3119 1766 3190 nunctrigesi·

948 3196 1025 3236 mam
1041 3181 1183 3252 quintam.
1196 3183 1289 3253 luitur
1304 3185 1358 3240 sub
1369 3184 1487 3241 decime
1498 3186 1664 3244 indictionis
1675 3191 1764 3247 tinem

946 3252 1056 3324 scripta
1070 3258 1113 3309 est
1129 3254 1355 3327 quadragesima
1374 3255 1460 3311 tertia
1478 3257 1538 3313 baec
1553 3258 1675 3339 epistole
1695 3260 1765 3317 olim

946 3322 1097 3405 iiidietinci
1112 3341 1161 3380 iiiii
1178 3341 1329 3398 perperam
1345 3328 1422 3392 data,
1436 3344 1469 3383 ax
1485 3345 1544 3400 qua
1560 3330 1650 3401 liquet
1663 3335 1764 3388 casto·

946 3412 1020 3450 rium
1032 3396 1129 3452 adbuc
1139 3397 1351 3453 Ariminensem
1362 3397 1520 3455 Ecclesiam
1532 3402 1764 3459 rexisseilodem

945 3469 1075 3537 tempore
1097 3467 1125 3522 in
1146 3469 1277 3523 eamdem
1300 3486 1360 3525 rem
1385 3471 1451 3525 deta
1472 3476 1517 3527 est
1541 3473 1766 3544 quadragesime

945 3537 1036 3608 primii
1053 3540 1088 3592 nd
1107 3539 1295 3595 Luminosum
1316 3540 1461 3596 abbatem.

982 3611 1024 3663 it.
1042 3613 1080 3663 llis
1095 3610 1220 3679 septima
1235 3611 1393 3667 indictione
1411 3612 1579 3684 vigesimum
1595 3615 1764 3685 septimam,

943 3695 1021 3736 nunc
1038 3679 1103 3735 libri
1112 3680 1232 3736 secundi
1244 3681 1520 3753 quinquagesimam
1532 3685 1647 3741 tertiam
1659 3686 1696 3742 ad
1706 3686 1764 3744 tto-

943 3758 1089 3805 noratuic.
1105 3752 1246 3807 llcnersto
1262 3756 1402 3808 successit
1419 3756 1447 3809 in
1464 3754 1606 3821 locatione
1617 3756 1763 3814 Constan-

942 3822 1136 3893 tinopolitana
1152 3824 1339 3891 Sabinianus,
1352 3825 1510 3882 indictione
1523 3827 1763 3885 undecimal’ide

941 3893 1439 3965 epistclemolimquinquagesimam
1448 3897 1506 3967 prin
1516 3898 1764 3967 amlibriiit,nunc

941 3966 1214 4035 quinquagesimam
1226 3967 1464 4022 secundentiliec
1476 3970 1661 4040 igiturquam
1671 3987 1688 4026 a
1697 3988 1761 4043 sep·

941 4038 1011 4090 tinia
1025 4036 1182 4091 indictione
1193 4054 1357 4105 avocamus,
1370 4039 1405 4093 ad
1419 4039 1561 4096 decimum
1574 4040 1762 4100 indictionem

941 4109 1101 4162 reuocanda
1115 4114 1160 4162 est
1176 4125 1182 4163 :
1201 4108 1245 4163 viii
1261 4110 1338 4165 enim
1355 4120 1421 4165 aute
1437 4112 1549 4166 linitam
1564 4111 1758 4170 indictionem

941 4193 1047 4234 aonam
1062 4179 1344 4253 Constantinopolim
1362 4180 1527 4239 Honoratus
1543 4183 1710 4241 advenerat.

976 4250 1019 4305 12.
1033 4252 1071 4306 lis
1083 4267 1152 4305 mss.
1165 4251 1250 4307 cedd.
1262 4252 1415 4322 epistolam
1426 4255 1520 4309 sancti
1533 4254 1671 4310 liciniani
1683 4255 1761 4329 epis-

939 4336 1003 4391 copi
1019 4321 1053 4377 ad
1069 4328 1206 4378 sanctum
1217 4323 1389 4394 Gregoriam
1406 4326 1460 4381 sub
1476 4325 1587 4382 decima
1602 4327 1760 4383 indictione

939 4392 1079 4449 locamus.
1095 4393 1247 4465 scripsisti,
1258 4394 1353 4465 inquit
1365 4396 1544 4466 Licinianus,
1555 4398 1589 4452 de
1600 4400 1676 4453 trina
1691 4398 1759 4453 tinc-

941 4466 1017 4518 tione
1032 4465 1175 4535 (Leeadra
1190 4464 1365 4536 Hispiiiensi,
1383 4468 1541 4523 indictione
1558 4484 1645 4534 nona,
1659 4483 1759 4523 mense

942 4535 1184 4607 linio,epistolam
1195 4536 1264 4591 olim
1278 4538 1529 4609 quadragesimam
1542 4538 1759 4609 primam‚nuno

941 4608 1197 4733 auailrageaimam
1215 4607 1340 4677 tertiam)
1357 4608 1385 4661 in
1400 4625 1458 4677 qun
1471 4607 1586 4679 epistola
1603 4624 1760 4665 intemeratis

960 4679 1114 4748 isplicuisse
1127 4679 1198 4734 uobis
1219 4678 1290 4733 illud
1305 4694 1381 4749 eiius,
1397 4681 1442 4733 sed
1462 4680 1510 4735 lice
1527 4679 1681 4736 salubriori
1694 4696 1760 4735 con·

942 4750 1005 4806 sitia
1013 4754 1154 4817 statuisse,
1163 4753 1194 4804 ut
1202 4749 1231 4805 in
1243 4748 1378 4804 librariam
1389 4750 1471 4805 ductu
1481 4767 1525 4806 eas
1534 4756 1759 4822 traiisponeres...

941 4822 1075 4889 [liquetur
1095 4836 1157 4892 erpo
1179 4819 1316 4877 beatitudo
1334 4829 1423 4876 uestra
1443 4838 1508 4892 epus
1526 4824 1617 4894 ipsum
1637 4822 1669 4879 sle
1688 4823 1760 4879 libro

939 4896 1028 4947 sancti
1043 4893 1090 4949 lali
1101 4894 1298 4948 transmittere.
1308 4896 1386 4962 Opus
1399 4892 1470 4948 illud
1479 4895 1512 4949 ad
1524 4902 1657 4949 sanctum
1671 4894 1759 4952 tean-

941 4963 1027 5019 dram
1039 4962 1237 5037 Hispalensem
1247 4964 1500 5034 missumlegimus
1512 4964 1669 5021 indictione
1679 4966 1759 5022 deci·

941 5052 989 5090 ma
1005 5036 1099 5103 tertia,
1114 5035 1318 5105 epistolaolim
1335 5034 1555 5107 quadragesima
1571 5042 1660 5099 sexta.
1680 5052 1759 5093 nuno

940 5106 1594 5178 quadragesinianoaa.Eaquibusconjicimus
1604 5109 1758 5177 epistolam

940 5176 1026 5243 hanc,
1044 5194 1107 5248 quai
1121 5178 1255 5234 meminit
1270 5179 1450 5247 tiregarianae
1465 5179 1606 5249 epistole,
1623 5195 1699 5235 nona
1713 5180 1758 5235 in·

941 5248 1225 5305 dictioiiedesioente
1236 5250 1362 5318 scripte,
1371 5256 1502 5304 nonanta
1512 5251 1656 5306 decimam
1667 5252 1760 5308 indic-

941 5319 1050 5375 tionem
1059 5321 1149 5376 tuisse
1160 5322 1305 5388 detumet
1317 5322 1471 5391 languente
1480 5321 1760 5394 duodecimumque

941 5392 1048 5447 missos
1058 5390 1087 5446 ia
1101 5391 1270 5464 Hispaniam
1284 5392 1371 5448 libros
1384 5392 1537 5448 Moralium
1549 5410 1622 5465 pene
1633 5398 1759 5451 constat.
1866 5392 1876 5405 '

941 5488 976 5544 ll.
994 5495 1013 5543 Λ
1029 5487 1137 5546 decimu
1152 5489 1418 5548 indictionenullam
1433 5508 1590 5549 amonemur
1605 5494 1759 5565 epistolam.

997 5578 1042 5633 [ιι.
1059 5579 1091 5633 ln
1105 5579 1215 5635 decima
1232 5579 1384 5635 instintione
1397 5581 1527 5650 epistulas
1541 5586 1660 5653 quatuor
1673 5584 1710 5637 ait

1168 5652 1283 5723 propria
1299 5652 1357 5707 loca
1370 5668 1537 5709 revocamus.

978 5748 1005 5804 t.
1021 5747 1169 5805 Deriiiiam
1194 5750 1313 5807 tertiam
1332 5749 1367 5805 ad
1392 5748 1543 5807 i'nulinam
1563 5749 1678 5821 legenti,
1703 5762 1763 5801 eer-

943 5821 1006 5875 tum
1023 5819 1078 5875 erit
1094 5824 1324 5892 praeponendam
1339 5818 1381 5876 illi
1398 5822 1550 5893 epistolam
1566 5820 1603 5877 ad
1619 5816 1767 5875 Maximis·

945 5906 1029 5961 nam,
1044 5906 1109 5962 que
1132 5894 1163 5951 in
1178 5890 1277 5956 editis
1298 5898 1342 5951 est
1358 5890 1641 5965 nigrescentem
1662 5900 1765 5945 manu·

945 5961 1065 6038 scriptis
1079 5980 1146 6024 vero
1161 5963 1329 6039 trigesima
1341 5970 1446 6022 octaua.

1591 6054 1636 6113 tm
