3908 6156
137 292 196 354 teu

737 291 877 353 seucul
899 292 1085 355 GREthlilI
1107 292 1233 355 uenat

1776 292 1838 351 800

138 428 277 494 reximus,
293 443 368 499 que,
384 424 458 483 collo
473 427 568 482 vestro
583 441 745 499 suspense,
770 444 785 484 e
808 425 894 483 melis
909 430 1000 497 voeA
1016 426 1839 501 nostrumlc)NleopolitensscivitatisepiscopnmDeopro·

138 517 274 574 omnibus
290 520 436 573 tueantur.

422 618 593 677 aristote
615 620 673 676 Vll.

330 728 367 766 AD
382 726 529 766 ceuutuunt
545 725 761 767 sursumsunt.

135 803 213 859 iubet
237 818 272 858 es
295 800 430 857 reditibus
453 797 619 872 patrimonii
636 816 738 870 pueros
755 800 867 869 Anates,
887 805 913 857 et
928 801 958 856 in

273 888 353 929 usum
365 886 524 943 pauperum
540 873 703 927 uestimenta
717 887 818 928 emere.

171 961 330 1034 Gregorius
345 959 472 1017 Candido
488 959 652 1032 presbytero
668 960 798 1032 (alconti
815 962 848 1016 ed
866 960 957 1033 petri-

136 1050 269 1108 manium
283 1050 395 1107 Gallia.

171 1141 309 1213 Pergens,
325 1139 482 1196 auxiliante
497 1138 957 1197 DominoDeonostroJcsuChri-

18 1240 22 1247 '
136 1230 956 1305 sto,edpatrimoniumquodeetinGelliiegubernendum‚

135 1321 271 1379 uolumus
283 1328 312 1378 ul
324 1322 441 1379 dilectio
453 1326 502 1376 tun
513 1337 547 1378 ex
560 1319 663 1378 solidis
674 1337 748 1393 quos
758 1323 901 1395 acceperit
910 1338 956 1378 re·

135 1409 275 1467 stimeate
288 1426 460 1481 pauperum,
475 1407 519 1464 vel
536 1425 641 1482 pueros
656 1408 759 1481 Anglos
774 1409 823 1482 qui
837 1416 905 1466 siant
920 1411 956 1465 ub

1013 517 1084 590 pitia
1098 517 1268 575 solemniter
1284 517 1356 573 aaa
1381 517 1559 573 ordinetum.
1575 517 1664 589 Galus
1679 532 1836 574 consecre-

1013 606 1122 664 tionem
1137 607 1278 680 quoninm
1293 605 1362 663 oleri
1380 614 1406 663 et
1427 605 1649 679 provincielium
1667 606 1838 679 provenisse

1013 697 1186 768 significetis
1196 712 1331 764 assensu,
1344 695 1505 768 gaudemus
1515 714 1525 759 ,·
1536 699 1624 768 etque
1639 695 1714 752 boue
1725 712 1788 768 quae
1801 696 1840 751 de

1013 785 1077 859 ipso
1088 783 1234 842 testemini
1247 785 1360 840 utinen
1373 788 1519 854 maneant,
1531 789 1560 840 et
1570 785 1621 842 Dei
1632 785 1727 856 gretie
1738 800 1842 857 coope-

1013 880 1095 932 rante
1105 883 1293 947 augmentum
1306 874 1462 947 accipient,
1473 890 1636 940 exoremus,
1645 874 1840 946 quiebonites

1013 963 1233 1035 prepositorum
1244 961 1373 1018 seluscst
1386 962 1489 1034 ulique
1504 962 1700 1018 subditorum.
1715 962 1838 1034 Oportet

1012 1065 1079 1122 ergo
1100 1055 1132 1106 ut
1147 1067 1180 1106 ea
1191 1067 1252 1122 quse
1268 1049 1298 1105 in
1315 1050 1540 1122 personeipsius
1552 1050 1666 1122 placere
1677 1051 1759 1106 vobis
1769 1049 1836 1106 leu-

1012 1139 1117 1195 dantes
1128 1139 1282 1196 ostenditis
1297 1138 1405 1195 imiteri
1420 1138 1583 1195 studiosius
1594 1139 1746 1196 festinetis.
1758 1138 1834 1197 Nem

1012 1232 1040 1284 et
1051 1230 1127 1300 apud
1139 1228 1275 1285 homines
1285 1230 1370 1299 culpe
1381 1232 1409 1284 et
1419 1229 1494 1300 apud
1508 1227 1598 1284 Deum
1610 1245 1694 1300 poene
1703 1233 1748 1285 eet
1757 1228 1836 1286 nolle

1012 1334 1190 1391 quemquam
1203 1319 1311 1375 bonum
1323 1319 1431 1375 imitari
1444 1316 1523 1390 quod
1539 1318 1644 1391 placet.
1654 1319 1835 1377 ‘testimonia

1011 1408 1108 1478 ltaque
1119 1412 1213 1464 uestro
1232 1407 1395 1465 obedientie
1408 1407 1495 1463 fldem
1512 1408 1720 1465 accommodet.
1732 1408 1836 1466 Nullus

136 1499 221 1555 annis
233 1498 333 1556 decem
346 1503 374 1554 et
384 1503 507 1569 septem,
518 1498 562 1553 vel
575 1499 673 1554 decem
684 1502 797 1567 electo,
811 1508 840 1555 ut
851 1498 880 1556 in
893 1515 955 1555 mo·
1011 1501 1040 1552 et
1054 1496 1084 1552 in
1099 1495 1145 1552 his
1160 1512 1225 1567 que
1242 1495 1408 1567 integritate
1419 1500 1533 1552 servata
1548 1495 1681 1553 Ecclesiae
1691 1514 1743 1569 pra
1754 1513 1836 1554 com·

127 1588 341 1661 ‚nestoriisdeti
353 1587 410 1644 Deo
421 1587 957 1660 prolicieat,caniperet,queteousso·
1011 1583 1092 1639 muni
1113 1584 1236 1640 utilitate
1257 1583 1417 1653 injunxerit
1433 1583 1625 1640 contradicet.
1647 1582 1835 1641 Deuotionem

136 1676 453 1747 lidiGsllierum,(b)qui
463 1676 874 1749 interreoostreenpendiuon
887 1694 956 1748 pos·
1011 1688 1095 1729 suem
1105 1672 1690 1744 uiuisqucvestrurulibenterexhlbeet3ut
1701 1671 1834 1729 dunsllea

135 1772 214 1833 eunt,
226 1766 303 1837 apud
315 1764 411 1821 locum
426 1765 575 1837 proprium
589 1765 915 1838 utiliterexpendnntur.
925 1765 954 1822 st
1011 1760 1114 1833 placite
1126 1761 1203 1817 inter
1218 1778 1266 1817 sos
1281 1760 1469 1818 sacerdotalis
1485 1761 1571 1817 tuerit
1585 1762 1623 1833 (d)
1638 1766 1667 1817 et
1685 1761 1743 1818 ilde
1762 1778 1835 1819 con-

135 1853 319 1927 quiduernde
331 1854 462 1927 pecuniis
475 1855 622 1911 redituum
635 1870 699 1927 ques
710 1854 955 1911 dicuutureblete
1011 1851 1118 1917 cordia,
1130 1850 1212 1907 nulle
1221 1867 1272 1907 uos
1282 1868 1299 1907 n
1310 1848 1462 1907 oberitetie
1472 1856 1579 1906 mutuas
1593 1848 1708 1907 viuculo
1723 1850 1835 1908 invidie

134 1942 262 2014 recipere
277 1943 415 2014 potueris,
427 1959 461 1999 ex
472 1942 519 1999 his
537 1959 653 2017 quoque
665 1945 836 2000 vestimenta
848 1961 955 2015 paupe·
1008 1941 1119 1997 solvere
1129 1939 1232 2008 valeat,
1246 1944 1296 1996 eut
1306 1941 1424 1996 turbare
1434 1939 1595 1996 diversites.
1611 1939 1669 1996 Nec
1680 1939 1758 1997 enim
1772 1940 1831 1997 cel·

133 2047 197 2089 rum
218 2047 389 2105 comperero
405 2038 432 2088 te
443 2033 592 2101 vtslumus,
608 2033 663 2103 vel,
689 2032 763 2089 siout
779 2033 889 2105 prefati
906 2049 955 2089 su·
1008 2028 1067 2084 lida
1083 2028 1158 2086 hosti
1175 2029 1203 2083 in
1220 2029 1358 2086 cordibus
1378 2029 1483 2086 vestris
1504 2028 1583 2085 ullus
1605 2029 1661 2084 erit
1680 2045 1831 2097 necessus,

133 2137 211 2192 mus,
228 2137 333 2192 pueros
348 2121 397 2195 qui
413 2123 442 2178 in
459 2123 667 2194 omnipotentis
684 2120 732 2178 [tei
743 2123 860 2178 servitio
873 2122 956 2194 proti·
1008 2118 1147 2190 quoniam
1157 2118 1200 2175 sic
1211 2135 1241 2175 se
1254 2116 1423 2174 nullatenus
1435 2118 1557 2189 neccepi
1570 2134 1653 2188 posse
1665 2133 1718 2174 nec
1728 2117 1831 2189 recipi,

131 2212 219 2269 olent.
234 2212 288 2268 Sed
306 2213 373 2282 quie
389 2212 493 2285 pegeni
510 2217 580 2269 eunt
595 2212 644 2282 uui
667 2211 726 2268 illio
748 2211 872 2267 inueniri
889 2228 954 2282 pos·
1007 2207 1056 2263 ubi
1073 2207 1156 2278 plene
1169 2206 1283 2263 sincere
1298 2206 1395 2264 locutu
1411 2206 1540 2262 charitas
1553 2206 1706 2263 invenerit.

130 2310 209 2369 sunt,
226 2301 290 2357 volo
307 2309 337 2356 ut
351 2317 418 2357 cum
437 2300 479 2357 eis
494 2302 652 2372 'presbyter
675 2301 903 2368 transmittetur,
920 2315 956 2356 ne
1040 2296 1139 2354 Estote
1159 2302 1299 2369 praterea
1318 2297 1446 2367 solliciti,
1473 2298 1576 2354 iratres
1601 2296 1782 2363 obesissimi,
1800 2301 1832 2355 et

39 2458 48 2465 ..
129 2390 199 2462 quid
215 2389 400 2461 egritudinis
415 2390 566 2461 continget
580 2391 610 2445 in
626 2389 682 2459 via,
696 2393 726 2444 ut
741 2404 816 2460 quos
832 2389 955 2444 moritu·
1004 2385 1162 2442 commisso
1171 2386 1252 2460 gregi
1264 2385 1445 2459 vigilantiam
1457 2402 1546 2459 quesn
1558 2386 1730 2459 suscepistis
1740 2387 1829 2443 etde·

128 2495 177 2536 ros
192 2481 381 2552 conspexerit
395 2479 496 2535 debeat
512 2479 670 2550 baptizare.
688 2481 728 2534 tte
741 2479 830 2549 igitur
845 2483 895 2534 tue
910 2479 954 2535 di·
1004 2472 1078 2529 betis
1094 2475 1264 2547 impendite,
1282 2475 1393 2531 inimici
1410 2475 1560 2531 troadibus
1576 2474 1775 2531 sollicitudine
1791 2475 1830 2547 (e)

127 2566 215 2625 lectio
238 2566 337 2634 iecist,
362 2574 393 2624 ot
417 2568 478 2624 heo
501 2569 657 2642 diligenter
683 2567 802 2641 implere
824 2568 952 2625 festinet.
1002 2565 1032 2617 et
1046 2561 1630 2630 cerritanensium.tuconiamtnetnuue,
1644 2561 1828 2631 Deonoetro,
1869 2561 1872 2566 ’

125 2655 183 2733 (cs,
200 2659 278 2714 toan,
296 2659 380 2715 otae,
398 2656 418 2715 ι,
430 2674 463 2724 u,
479 2675 509 2715 η,
525 2658 565 2727 6,)
1001 2650 1049 2706 cui
1066 2651 1207 2722 praeestis,
1225 2650 1366 2724 populum
1383 2653 1536 2722 resignate,
1550 2655 1581 2707 ut
1596 2649 1726 2707 officium
1742 2649 1826 2707 uobis

405 2747 579 2804 EptsTOLe
599 2747 673 2804 v111,
1000 2739 1180 2797 secerdotele
1195 2747 1261 2797 ente
1277 2746 1467 2814 conspectum
1482 2741 1582 2798 aeterni
1593 2741 1705 2813 judicie
1716 2757 1775 2798 non
1787 2741 1825 2798 ed

998 2844 1127 2902 poenam,
1143 2830 1194 2885 sed
1210 2830 1343 2902 proficiet
1356 2831 1392 2887 ed
1409 2847 1559 2888 coronam.

1033 2918 1233 2991 Suprescripto
1249 2919 1336 2991 igitur
1354 2922 1474 2976 Antlree
1498 2920 1579 2976 tratri
1600 2925 1630 2977 et
1648 2919 1824 2992 coepiscope

999 3011 1097 3063 nostro
1109 3006 1231 3079 pellium
1244 3025 1297 3065 uos
1311 3008 1451 3065 direxisse
1466 3009 1641 3081 cognoscite,
1660 3016 1749 3083 etque
1764 3011 1826 3082 pri-

159 3105 288 3159 mopmat
300 3104 376 3172 apae
386 3105 474 3161 setoso
501 3107 751 3177 ricinonpeeunia,
760 3121 814 3161 nou
825 3120 946 3171 persona·
999 3095 1105 3168 vilegin
1119 3103 1225 3153 cuncta
1240 3098 1420 3155 concessisse
1435 3116 1498 3170 que
1511 3100 1742 3171 predecessores
1754 3116 1823 3157 nas·

160 3175 244 3230 “iiiut
255 3178 355 3246 ttssiisss
371 3175 418 3232 3θᾶ
430 3178 553 3233 mttl'btss
567 3175 625 3232 Μ’*
638 3176 876 3232 commendentur.
1001 3185 1037 3241 tri
1052 3187 1115 3256 ejus
1132 3185 1391 3260 predecessoribus
1406 3187 1556 3245 contulere
1571 3187 1659 3261 (Grai.
1675 3188 1771 3260 ibid).

160 3265 316 3336 Gregorius
330 3265 367 3337 (a)
382 3265 545 3335 Theodoro,
559 3264 717 3333 Demetrio,
733 3263 878 3338 Philippo,
894 3269 944 3321 Ze·
1036 3270 1173 3328 Proteree
1189 3272 1276 3345 (drot.
1295 3276 1319 3342 l,
1335 3291 1361 3345 a.
1377 3275 1401 3331 l.
1412 3290 1435 3332 c.
1446 3275 1637 3347 Quibusdam)
1648 3277 1825 3348 pervenitad

123 3352 204 3423 ueni,
220 3358 251 3410 et
270 3354 429 3421 lloissono,
446 3355 589 3426 episeopis
603 3355 643 3428 (b)
658 3354 747 3428 Epiri.
1000 3377 1053 3418 nos
1064 3362 1141 3433 quod
1154 3362 1227 3418 sacri
1238 3364 1356 3420 ordines
1368 3364 1396 3419 iu
1413 3363 1471 3419 illis
1480 3364 1615 3436 pertibus
1627 3381 1695 3421 eum
1707 3365 1825 3424 eletione

158 3444 339 3516 Scriptorum
351 3451 515 3502 vestrorum
527 3445 683 3501 insinuatio
694 3446 784 3516 (Grai.
800 3443 865 3501 dist.
883 3445 944 3512 ¹00,
1000 3451 1147 3507 commodi
1162 3453 1360 3510 oonterenlur.
1375 3452 1455 3517 Quod
1471 3454 1496 3510 si
1517 3454 1560 3510 ite
1578 3460 1634 3521 est,
1655 3458 1730 3512 tiens
1746 3455 1821 3522 dico,

383 2836 421 2875 eo
435 2835 588 2875 serecoeos
605 2836 693 2876 erint.

125 2889 240 2946 Andreas
262 2890 292 2945 iu
313 2891 554 2962 metropolitanum
576 2891 737 2946 electionem
753 2890 860 2959 probat.
883 2891 938 2945 tior

161 2965 237 3017 tatur
247 2971 279 3018 ut
290 2961 372 3017 illum
383 2964 540 3028 imitentur,
555 2960 604 3018 ttts‘
614 2961 752 3031 obediant,
763 2962 812 3017 itti
820 2964 878 3017 sint
888 2977 948 3017 coa·

159 3034 268 3098 cordes,
285 3042 369 3104 atque
382 3043 413 3089 ut
429 3036 508 3161 gregi
521 3050 569 3090 suo
583 3035 731 3103 invigilent
744 3033 859 3103 siapuli.
875 3034 947 3088 Pro-

22 3608 31 3621 ⁹
122 3546 147 3589 a.
159 3532 213 3603 ll),
223 3532 514 3604 tratrescbarissimi,
525 3533 660 3605 patefecit
670 3535 814 3590 Andreem
827 3535 944 3591 tratrem
999 3555 1178 3613 gemensque
1188 3541 1335 3611 denuntio,
1347 3542 1418 3614 quie
1428 3558 1495 3598 cum
1506 3543 1824 3601 sacerdotalisnrdoiu·

158 3673 252 3730 Emer.
269 3676 320 3759 Vll
334 3676 389 3758 [dl.
407 3677 461 3747 lilJ.
477 3706 507 3717 -
518 3676 558 3747 (a)
570 3676 635 3731 Hmo
645 3675 675 3732 in
688 3676 782 3733 Norm.
795 3693 828 3732 uo
840 3677 944 3745 pleris-
1000 3684 1206 3757 intelligendus
1221 3690 1265 3741 est
1280 3685 1327 3743 hio
1342 3685 1456 3743 titulus.
1472 3688 1615 3744 Gusseuv.

122 3746 263 3871 paenulas.
279 3763 399 3829 minime
415 3748 571 3816 legentum
586 3752 656 3804 sunt
670 3756 768 3803 temen
785 3750 814 3831 in
828 3748 945 3805 duobus
1036 3756 1071 3827 (c)
1089 3755 1325 3828 antiquariorum
1343 3758 1492 3828 imperitia
1510 3761 1668 3831 irrepserat
1684 3759 1731 3815 bic
1744 3776 1822 3815 error

140 3823 229 3902 utic,
245 3822 356 3875 scilieet
372 3820 392 3872 tt
407 3823 436 3874 et
449 3819 480 3887 C,
502 3824 614 3874 mutete
635 3836 702 3875 soce
724 3819 821 3876 Gallie
837 3821 865 3875 in
882 3820 944 3877 Get·
999 3829 1188 3897 gravissimus
1200 3829 1226 3882 in
1240 3831 1377 3885 amnibus
1389 3828 1458 3885 Mes.
1469 3830 1570 3895 codd,
1583 3829 1724 3886 deindein
1737 3831 1822 3887 libris

121 3888 236 3944 luorum.
400 3960 406 3973 ·
999 3898 1256 3970 editis‚inquibue
1266 3899 1415 3973 legebatur
1425 3902 1629 3957 Nicomrdionae
1639 3904 1682 3957 vel
1693 3903 1821 3958 Nicome-

130 3984 133 3989 ·
158 3958 947 4043 (b)ubsquedetrimeuntomuodearumGallicomesset
999 3968 1114 4037 ditarem,
1125 3974 1259 4027 civitatis.
1275 3970 1356 4035 Quod
1373 3980 1471 4029 eutem
1487 3974 1645 4045 legendum
1656 3973 1821 4044 sitNieopo·

122 4028 208 4113 longe
219 4031 365 4112 interioris
378 4038 461 4114 prela
473 4048 559 4115 quesn
570 4032 872 4114 Romanum.Novella
882 4033 944 4117 ble-
999 4040 1103 4108 titane,
1118 4041 1230 4097 clarum
1245 4048 1288 4097 est
1298 4059 1331 4098 ex
1344 4044 1454 4100 multis:
1470 4045 1569 4117 primo,
1587 4045 1656 4117 quie
1673 4043 1822 4115 Nicopolis

119 4101 227 4171 jartam
241 4102 354 4183 :nullus
364 4102 482 4157 solidum
499 4113 605 4175 sateym
621 4104 749 4172 ponderes
764 4105 945 4163 calumniosae
999 4112 1074 4181 Epiri
1087 4114 1190 4169 veteris
1201 4114 1370 4197 metropolis
1381 4115 1445 4180 tuit,
1458 4121 1490 4171 ut
1499 4115 1761 4181 omnessciunt,ed
1770 4132 1821 4172 ou·

122 4172 945 4310 ttltlttlt..litterulis:astiteritisitt?
995 4184 1821 4315 litttttttttttttttl¹ltttt‘tittttttttutl

122 4314 234 4398 villeras
244 4317 280 4371 ed
293 4317 370 4372 butro
382 4317 477 4399 locum
489 4333 538 4371 eos
549 4319 727 4400 accusetqui
739 4319 874 4389 trugesin
884 4336 943 4374 une
998 4327 1166 4397 patriarche
1177 4275 1499 4400 Constentinopciiimnb
1513 4332 1583 4386 tuno
1599 4330 1736 4386 subditus
1746 4276 1820 4388 ἆξαι.

123 4402 248 4455 permota
263 4392 347 4470 netes
363 4388 419 4443 alio
430 4394 627 4470 transportant
637 4388 706 4444 alibi
717 4392 940 4470 consumendus.
997 4398 1105 4453 Deinde
1115 4398 1184 4470 quid
1196 4414 1348 4455 commune
1357 4401 1534 4472 episcopislt
1558 4400 1592 4457 iri
1601 4416 1670 4457 eum
1680 4402 1819 4475 episeopo

123 4460 229 4543 lterum
238 4458 467 4541 senottGregaru
477 4469 601 4543 mentem
610 4461 831 4542 nonattigrt,qai
840 4479 939 4547 supra,
996 4467 1228 4525 Nicomediensit
1237 4472 1281 4526 An
1295 4488 1422 4543 unquam
1434 4470 1476 4526 illi
1487 4472 1523 4529 de
1536 4418 1623 4543 iuius
1634 4472 1821 4531 ordinatione

122 4528 225 4613 indict.
242 4532 286 4599 ll,
301 4531 441 4617 epist333.
454 4534 593 4615 Dynamio
603 4533 940 4613 seribeoszsuscepimus,
957 4525 980 4590 Ι)
995 4556 1095 4595 curem
1108 4540 1244 4608 habuero,
1257 4541 1296 4597 uti
1308 4548 1403 4598 temen
1417 4542 1660 4614 relertepistolel
1670 4543 1726 4599 Sed
1739 4545 1819 4616 quod

121 4601 271 4683 inquitet
279 4604 406 4674 pompatus
417 4603 547 4686 Ecclesiae
561 4612 663 4686 nostrae
674 4603 810 4686 reditibus
822 4604 941 4661 Gallico·
996 4627 1058 4667 rem
1075 4611 1201 4676 conficit,
1218 4612 1266 4668 ille
1280 4614 1342 4685 ipse
1358 4614 1498 4680 Andreas,
1514 4616 1561 4684 qui
1579 4616 1632 4671 beo
1648 4614 1677 4670 iu
1694 4616 1823 4687 epistole

120 4674 335 4756 nossoledoscn.
350 4674 588 4757 lutire,ep1et.53,
606 4674 725 4745 Virgilio
737 4675 853 4731 Arelate
872 4677 943 4744 Quia
997 4683 1199 4738 Nicomedionae
1214 4683 1338 4739 civitatis
1354 4686 1508 4758 epiecopus
1524 4691 1722 4758 nuncupetur,
1737 4686 1770 4743 in
1787 4690 1821 4745 ti-

120 4745 941 4827 spelurpntrtmonsolumipsumperarrnosplurimospraede·
998 4754 1058 4808 tulo
1073 4753 1202 4825 epistolas
1212 4756 1281 4811 olim
1295 4756 1331 4810 70
1343 4756 1392 4813 lib.
1405 4774 1456 4821 vri,
1468 4773 1545 4814 auno
1555 4756 1590 4811 68
1602 4757 1652 4812 tib.
1666 4773 1704 4825 tx,
1716 4759 1822 4814 indict.

120 4830 210 4871 cessar
224 4824 420 4882 oestmtenurt,
431 4821 457 4871 rt
467 4817 596 4872 collectas
607 4817 680 4887 apud
691 4832 720 4872 se
730 4820 872 4883 pensiones
882 4836 941 4875 ser·
997 4825 1025 4892 2,
1036 4825 1240 4896 titiopolitanus
1255 4827 1432 4895 inscribitur,
1448 4830 1483 4883 ed
1500 4844 1586 4899 qoem
1606 4833 1638 4883 ut
1657 4830 1693 4882 ed
1711 4830 1823 4887 multos

10 4896 14 4903 ·
120 4888 206 4952 read,
230 4888 396 4958 fraternitas
416 4892 538 4944 uestra...
560 4903 608 4943 eas
634 4888 755 4943 Candido
786 4890 942 4960 presbytero
998 4897 1072 4951 elios
1088 4898 1286 4966 tristropolitue
1302 4899 1404 4954 scribit
1419 4910 1537 4954 sanctus
1557 4899 1724 4970 Gregorius,
1746 4908 1777 4957 et
1794 4918 1822 4957 tn

121 4955 200 5012 nobis
211 4961 337 5040 restituat
347 4961 523 5025 otrtpenrtae.
539 4959 572 5014 ut
582 4963 667 5028 epist.
678 4960 731 5015 55:
745 4962 940 5030 t’easiones..,.
996 4968 1083 5037 epist.
1099 4966 1167 5023 olim
1184 4971 1201 5021 2
1215 4974 1243 5024 ct
1256 4970 1274 5024 3
1290 4968 1340 5025 lib.
1357 4987 1408 5033 ιιι,
1424 4987 1502 5025 nunc
1517 4971 1598 5026 esst
1610 4970 1661 5027 lib.
1672 4987 1732 5041 xiv,
1742 4972 1822 5030 idem

120 5026 154 5083 de
168 5029 364 5089 outremoneola
378 5039 473 5085 nostro
487 5030 523 5084 ud
538 5046 586 5084 nos
602 5028 710 5109 studeat
726 5030 873 5112 destinare.
995 5037 1124 5093 Andreas
1140 5039 1259 5095 disertis
1278 5040 1373 5096 verbis
1396 5042 1614 5112 Nicopolitenue
1636 5045 1822 5114 Metropolim

48 5146 52 5153 ,
155 5096 250 5152 Gener.
267 5097 413 5181 vilitat.
430 5101 468 5154 7.
489 5132 520 5143 -
536 5103 574 5170 (a)
591 5101 702 5163 Germ..
713 5100 805 5157 Vetto.
820 5104 898 5159 Colb.
912 5107 941 5160 el
994 5115 1122 5176 vocetur,
1141 5111 1224 5179 eujus
1240 5112 1272 5165 lit
1288 5112 1396 5168 mentio
1409 5114 1507 5181 etiem
1520 5114 1659 5169 defuncti.
1673 5114 1820 5172 Ceterum

119 5166 209 5240 plur..
225 5167 397 5253 Theoderico,
414 5188 446 5225 ve
472 5172 670 5255 theodorico...
681 5173 827 5256 Aleissoai.
872 5246 877 5257 .
903 5246 909 5257 ι
995 5180 1049 5236 bec
1065 5180 1094 5235 in
1110 5181 1233 5252 epistola
1244 5183 1344 5238 eadem
1362 5186 1466 5253 repetit
1480 5190 1600 5240 sanctae
1613 5184 1821 5251 Gregoriuede

154 5239 194 5307 (b)
205 5238 272 5295 Duo
283 5245 404 5296 erentrn
416 5242 531 5313 Illyrica
543 5246 940 5327 proutlncrmbujusnoommis,
995 5252 1119 5307 simonie
1134 5268 1197 5323 qne
1212 5253 1241 5308 in
1258 5256 1487 5321 praecedentibus
1501 5256 1644 5328 epistulis.
1666 5256 1817 5315 Gussnnv.

117 5319 241 5366 vetueet
258 5326 341 5376 nova,
364 5316 394 5366 ut
415 5323 491 5383 petet
511 5329 546 5370 ex
568 5321 670 5371 notitia
693 5317 816 5387 imperii.
837 5317 941 5383 Epirus
995 5321 1077 5377 Certe
1099 5324 1223 5385 lenimus
1245 5325 1461 5383 Nicomeditnnte
1489 5327 1517 5382 in
1546 5328 1684 5384 orrioibus
1713 5328 1820 5389 Vetio..

117 5396 203 5464 nove,
219 5398 284 5465 qum
298 5382 384 5437 hodie
398 5382 580 5467 estelbenie
596 5387 741 5469 superior,
756 5403 807 5442 seu
824 5388 941 5459 proprie
994 5392 1108 5459 Nnrm..
1130 5397 1226 5460 corb..
1252 5396 1366 5464 libem„
1391 5398 1468 5468 quod
1492 5405 1588 5454 tamen
1609 5399 1820 5473 corrigendum

115 5452 939 5527 diruemusmetropottsemttryrrechiun.vnusantsm
995 5466 1250 5521 nondubitemus.

116 5538 208 5595 quesn
223 5522 373 5581 nonnullis
389 5524 513 5606 Albanis
528 5528 655 5606 interior,
677 5545 754 5585 nunc
771 5529 897 5586 Chimera
912 5537 941 5589 et
1031 5536 1073 5599 (dt
1090 5536 1202 5604 Excusi,
1219 5542 1246 5592 et
1260 5554 1316 5592 non
1333 5538 1405 5607 dcta.

113 5598 211 5667 Larsa,
222 5596 309 5667 cujus
321 5595 490 5668 metropolis
501 5598 940 5665 eretNicopolisedsiuumAm·
1031 5608 1066 5674 (e)
1083 5606 1169 5674 Gditi,
1184 5618 1210 5665 et
1224 5611 1350 5665 oratioue
1362 5608 1493 5679 resistite,
1512 5618 1540 5667 et
1562 5611 1670 5669 obedite
1690 5613 1823 5671 incenta-

114 5665 259 5739 breoium,
278 5664 362 5739 uulgo
379 5667 941 5745 Preuesosurlsttotsedetarta,dequs
994 5675 1183 5749 minutatius.
1205 5680 1359 5751 Sequimur
1378 5680 1483 5753 Vetto„
1503 5685 1617 5755 Norm.,
1637 5682 1743 5754 corb„
1761 5693 1821 5745 etc.
