3908 6156
131 254 172 324 89
731 258 877 322 SANG'H
897 257 1089 324 aauuoah
1111 258 1237 322 MAGNI
1794 268 1836 329 to

130 397 373 469 Cumqueabhis,
384 400 519 452 cessante
533 394 657 450 forsitan
672 393 952 467 (clopportunitata,
967 394 994 461 Α
1009 399 1160 465 praesunt;
1181 398 1211 450 et
1224 398 1257 452 ut
1267 394 1447 468 ractapedes
1457 396 1692 459 valeanlitinara
1702 419 1835 476 carpere,

131 487 224 560 quieti
234 493 314 555 sunt,
325 487 390 560 ipsa
400 486 532 542 deterius
542 500 596 541 sua
606 484 707 556 quiete
717 482 886 555 fatigantur.
896 482 952 536 lto·

129 576 273 649 luptatem
284 592 412 649 namque
424 580 547 632 censent
561 574 584 628 si
601 572 767 629 actionibus
777 570 952 642 deprimun-

131 673 189 734 tur,
209 666 342 722 laborem
357 664 504 737 deputant
518 664 542 720 si
559 661 732 719 interranis
747 658 875 733 negotiis
891 675 951 715 non

130 754 276 812 laborant.
284 755 390 825 Sicque
401 754 443 821 lit,
456 758 488 807 ut
498 753 567 808 dum
580 751 618 822 (bl
630 766 661 805 se
676 747 774 820 urgeri
791 747 951 804 mundanis

130 843 304 900 tumultibus
319 843 460 916 gaudent,
476 842 594 898 iuterna
606 854 672 910 quae
688 836 761 893 elios
778 835 885 893 docere
902 836 952 893 de·

128 932 255 989 buerant.
266 933 413 1005 ignorent.
430 930 513 988 Unde
529 928 731 999 subjectorum
747 942 866 999 quoque
882 943 952 1000 pro·

128 1024 268 1080 culduhio
277 1026 307 1089 tal
319 1025 378 1080 rita
388 1020 538 1092 torpescit,
551 1018 621 1089 quio
631 1033 699 1072 cum
710 1016 951 1089 prolicerespiri·

127 1112 226 1167 taliter
235 1113 393 1186 appetitio
403 1108 539 1179 exemplo
550 1109 614 1177 ejus
625 1107 677 1178 qui
690 1106 886 1178 sibipralatas
894 1110 949 1176 est,

1007 482 1071 538 hac
1082 481 1277 555 proculdubio
1289 490 1377 558 caput
1387 484 1476 542 debat
1489 503 1526 544 ex
1540 488 1599 545 aito
1614 493 1781 562 providere,
1796 512 1835 552 ne

1006 579 1189 643 aprorectus
1200 573 1244 629 sui
1257 574 1363 631 itinere
1375 575 1466 647 peiles
1475 582 1698 649 torpeant,cam
1711 589 1837 641 curvata

1006 661 1185 717 rectitudine
1201 664 1335 736 corporis
1346 669 1434 737 caput
1444 682 1510 722 sese
1519 666 1556 722 ad
1569 672 1678 725 terram
1696 670 1834 728 declinat.

1005 751 1172 815 Quaautem
1181 755 1836 832 menteanimarumpraesulhonorepastcrali

1005 838 1216 898 intercaeteros
1226 843 1330 905 ulitur.
1342 845 1366 901 si
1379 845 1410 900 in
1422 846 1548 903 terrenis
1559 849 1684 921 negotiis
1700 866 1765 921 quas
1781 869 1828 908 re·

1005 930 1190 1000 prehendere
1202 932 1232 987 iu
1243 933 1311 988 aliis
1326 933 1437 994 debuit.
1454 940 1482 990 et
1498 936 1560 1007 ipse
1574 939 1730 993 versatur?
1745 940 1828 1004 Quod

1004 1017 1141 1076 videlicet
1155 1037 1190 1076 ex
1205 1020 1249 1077 ira
1260 1022 1349 1094 justia
1365 1024 1570 1081 retributionis
1587 1043 1640 1098 per
1654 1028 1830 1099 prophetam

1004 1107 1297 1179 hominusminatur,
1314 1110 1431 1168 dicens:
1443 1114 1539 1168 literit
1555 1116 1625 1170 sicut
1639 1118 1769 1186 populus,
1791 1122 1831 1174 sic

127 1203 211 1272 quasi
222 1203 253 1258 in
263 1199 417 1257 obstaculo
427 1196 544 1253 itineris
555 1194 950 1269 onceditlanguenreenim
1001 1198 1127 1254 sacerdos
1137 1198 1219 1268 (Osce
1230 1201 1311 1270 ¹⁷29)-
1323 1200 1582 1275 Sacerdosquippe
1590 1209 1635 1259 est
1645 1210 1677 1259 ut
1688 1206 1826 1276 populus,

127 1292 223 1363 capita
234 1289 369 1345 membra
379 1289 528 1343 incassum
539 1285 646 1359 vigent,
659 1284 729 1340 etin
744 1284 947 1357 exploratione
1001 1285 1121 1357 quando
1132 1303 1167 1342 ea
1176 1288 1237 1359 agit
1246 1288 1271 1343 is
1283 1289 1332 1360 qui
1344 1289 1471 1362 spiritali
1487 1291 1585 1348 oldaia
1600 1292 1744 1366 iungitur,
1761 1311 1828 1366 qum

126 1379 257 1436 hostium
268 1379 378 1434 trustra
393 1375 540 1431 exercitus
555 1374 696 1430 velociter
710 1375 857 1445 sequitur,
874 1374 899 1428 si
914 1374 950 1430 ab
1003 1374 1048 1430 illi
1058 1376 1202 1431 nimirum
1214 1376 1325 1433 iaciunt
1335 1378 1385 1450 qui
1396 1380 1534 1436 adhucde
1545 1381 1827 1439 studiiscarnalibus

126 1469 190 1541 ipso
202 1467 275 1522 duce
287 1466 404 1521 itineris
414 1461 823 1520 arrotanNullasubditorum
835 1468 950 1519 mentes
1003 1461 1342 1531 iudicanturouodcum
1350 1469 1576 1541 magncscilicet
1586 1469 1688 1527 dolore
1696 1472 1824 1529 charita·

126 1557 290 1615 exhortatio
314 1554 458 1625 aublevat,
479 1571 642 1627 eorumque
662 1553 764 1627 culpas
784 1554 948 1626 increpatio
1003 1550 1826 1630 tisleremiasprophetaconspiciens,quasisubdestru·

126 1648 209 1705 nulla
217 1648 341 1721 castigat
352 1665 359 1715 ;
372 1646 442 1719 quia
456 1647 527 1702 dum
542 1662 595 1718 per
609 1646 777 1703 animarum
788 1645 947 1718 praesulem
1003 1640 1101 1695 ctione
1111 1641 1485 1715 templideplorat,dicens:
1498 1648 1635 1712 Quomodo
1650 1650 1826 1705 obscuratum

127 1736 237 1794 terreni
247 1742 402 1794 exercetur
412 1736 543 1793 olilcium
555 1735 698 1807 judiciam
706 1735 803 1808 gregis
814 1734 948 1791 custodia
964 1758 985 1822 C

125 1825 438 1900 vacatcurapastoris3
451 1833 480 1881 et
495 1824 620 1896 subjecti
635 1824 767 1880 veritatis
783 1824 884 1879 lumen
896 1841 946 1895 ap·

124 1915 310 1988 prehendere
325 1917 489 1985 nequeunt,
510 1912 581 1982 quia
598 1911 668 1966 dum
691 1910 818 1981 pastoris
838 1927 944 1966 sensus

123 2011 243 2061 terrena
252 2003 351 2060 studia
361 2007 516 2075 occupant,
525 2006 611 2055 vento
623 1998 946 2070 tentationisimpulsus

123 2093 263 2149 Ecclesiae
287 2092 389 2148 oculos
411 2090 506 2163 pulsis
531 2094 631 2145 cmcat.
655 2090 716 2155 Quo
740 2094 845 2144 contra
866 2093 946 2144 recte

122 2181 246 2239 humani
256 2181 374 2255 generis
383 2179 644 2251 Redemptor,cum
656 2177 850 2233 nosaventris
861 2194 947 2234 vora·

123 2273 211 2329 citata
222 2276 434 2343 compesceret,
446 2270 562 2326 dicens:
575 2269 718 2324 Attendite
725 2276 816 2323 autem
828 2266 948 2336 sobiam

121 2357 944 2432 nonprauenturcordauestraincrapulaetebrietateauc.

121 2468 180 2521 ιιι,
194 2451 250 2522 34),
262 2450 342 2504 illico
354 2447 506 2521 adjunxit:
520 2447 570 2502 dut
583 2449 613 2502 in
624 2445 697 2502 curis
706 2445 789 2516 hujus
803 2445 877 2502 vitae.
892 2445 945 2502 Ubi

121 2555 259 2612 pavorem
279 2553 396 2609 quoque
421 2536 557 2609 protinus
582 2535 696 2592 intente
720 2534 885 2604 adjiciens:
907 2535 945 2589 Ne

117 2632 201 2699 (orte,
227 2627 333 2701 inquit,
354 2628 527 2698 superveniat
547 2628 577 2680 in
592 2640 637 2681 aas
653 2626 798 2696 repentina
822 2624 880 2681 dics
894 2624 944 2680 illa

119 2716 321 2790 (ibid.).Cujus
332 2714 476 2771 adrentus
487 2715 577 2770 etiam
589 2713 764 2785 qualitatem
775 2712 942 2782 denuntiat,

121 2806 222 2863 diceus
235 2822 241 2860 :
255 2809 397 2877 Tanquam
407 2805 520 2876 laqueus
530 2807 601 2859 enim
611 2805 702 2859 amiel
711 2806 944 2874 superamuesqui

119 2895 601 2966 sedentsupcrsociemomnisterra
617 2892 709 2962 (ibid,
726 2894 781 2955 331.
798 2893 872 2948 lllnc
887 2893 944 2948 ite·

118 3001 186 3040 rum
197 2983 268 3040 dicit
279 3000 286 3041 ε
299 2984 380 3039 Nemo
392 2989 481 3054 potest
495 2983 601 3036 duobus
616 2981 735 3036 dominas
748 2983 851 3036 seruire
865 2983 942 3049 (huc.

118 3092 175 3143 ιιι,
188 3076 241 3142 li).
254 3074 327 3128 hinc
337 3071 446 3128 Paulus
458 3070 665 3144 religiosorum
678 3077 822 3125 mentesa
837 3069 941 3126 muudi

120 3161 270 3220 consortio
281 3159 487 3228 contestando,
496 3176 530 3215 ac
541 3159 639 3230 potius
654 3157 943 3214 conveniendobus·
959 3128 982 3192 Β

121 3250 234 3325 pendit,
259 3250 363 3307 dicens
376 3266 383 3304 ε
398 3251 481 3306 Nemo
496 3249 621 3304 militans
636 3248 690 3303 ilco
705 3248 831 3319 implicat
850 3262 877 3303 se
896 3248 944 3305 26

122 3343 241 3411 negotiis
260 3339 446 3407 sacularibus,
471 3344 502 3392 ut
525 3340 551 3393 ei
568 3338 679 3409 placeat
703 3339 748 3391 cui
770 3352 797 3392 se
816 3337 948 3407 probauit

120 3431 156 3502 (ll
169 3432 237 3487 Tim.
254 3447 286 3494 n,
302 3432 339 3500 i).
357 3428 431 3484 hinc
444 3426 584 3484 Ecclesia
600 3425 766 3482 rectoribus
781 3430 811 3481 et
824 3424 946 3481 vacandi

120 3520 219 3576 studia
229 3518 372 3590 praecipit,
384 3523 413 3572 et
424 3517 462 3589 (d)
474 3515 650 3572 consulendi
661 3513 793 3569 remedia
804 3516 944 3582 ostendit,

120 3607 239 3663 dicens:
251 3606 402 3662 Saecialcria
412 3605 500 3675 igitur
509 3605 545 3676 (e)
552 3603 665 3673 judicia
675 3605 699 3658 si
713 3602 865 3658 habueritis
880 3620 945 3659 con·

119 3696 283 3768 temptibilcs
292 3697 413 3766 quisunt
424 3697 452 3748 in
460 3691 652 3757 Ecclesia,illos
658 3692 816 3748 constituite
823 3692 859 3748 od
863 3695 941 3763 judi·

118 3787 235 3843 candum
246 3786 269 3854 ll
279 3785 340 3840 Car.
357 3800 396 3854 rr,
407 3785 466 3853 “li
476 3788 510 3837 ut
526 3781 583 3854 ipsi
599 3780 737 3837 videlicet
746 3780 942 3853 dispensatio·

117 3875 206 3932 nibus
218 3875 346 3930 terrenis
358 3873 532 3938 inserviant,
544 3887 620 3942 quos
631 3870 710 3926 dona
723 3872 868 3941 spiritalia
883 3890 943 3928 non

119 3966 302 4020 aornantntc
314 3963 477 4035 siapertius
488 3961 584 4016 dicat:
597 3960 947 4031 Quiapenetrareintima

120 4059 284 4125 nequeunt,
301 4052 407 4107 saltem
418 4049 587 4107 necessaria
597 4048 668 4104 loris
683 4055 854 4121 operentur.
871 4051 944 4108 ilinc

120 4144 244 4215 Moyses,
256 4142 307 4214 qui
319 4158 386 4197 curu
398 4140 457 4196 ileo
468 4138 601 4210 loquitur
612 4138 711 4200 land.
729 4154 807 4198 xvur.
824 4141 869 4207 li,
887 4140 942 4211 18).

116 4231 216 4287 lethro
241 4231 416 4303 alienigenas
431 4227 664 4300 reprehensione
676 4226 839 4298 judicatur,
865 4227 943 4298 quod

118 4322 246 4378 terrenis
261 4320 439 4393 populorum
459 4316 586 4390 negotiis
606 4313 697 4371 stulto
717 4314 818 4372 labore
842 4315 944 4374 deser·

115 4411 175 4466 viat
186 4426 192 4465 :
205 4410 251 4466 cui
263 4415 293 4465 et
303 4408 463 4465 consilium
474 4403 708 4476 moxpraebetur,
720 4409 753 4460 ut
763 4421 815 4477 pro
827 4422 858 4462 se
869 4406 943 4463 alios

1004 1735 1042 1784 est
1052 1746 1162 1799 aurum,
1173 1738 1297 1788 mutatus
1307 1740 1346 1788 est
1358 1735 1432 1789 color
1442 1738 1571 1805 optimus,
1583 1737 1701 1807 dispersi
1711 1745 1773 1793 sunt
1793 1740 1831 1793 la·

999 1818 1079 1887 pidre
1092 1821 1248 1876 sanctuarii
1261 1821 1393 1892 incapite
1408 1827 1529 1879 omnium
1538 1826 1694 1895 platearum
1710 1827 1825 1897 (Thoen.

1002 1923 1039 1973 rr,
1057 1909 1082 1978 1)
1093 1909 1107 1963 l
1121 1909 1195 1974 Quid
1208 1927 1338 1983 namque
1354 1928 1437 1979 auro,
1455 1912 1533 1983 quod
1558 1914 1688 1970 metallis
1709 1917 1826 1971 caeteris

1001 1998 1186 2068 praeeminet,
1200 2000 1258 2055 nisi
1269 2000 1445 2057 excellentia
1455 2004 1620 2059 sanctitatis
1631 2004 1645 2059 ‘l
1655 2004 1731 2071 Quid
1746 2006 1830 2062 colo·

1001 2101 1032 2141 re
1044 2087 1167 2160 optimo,
1179 2088 1236 2144 nisi
1248 2090 1362 2145 cunctis
1373 2090 1508 2146 amabilis
1525 2095 1690 2149 reverentia
1708 2095 1829 2168 religio·

1001 2175 1721 2253 nisexprimitur‘iouidsanctuariilapidibus,nisi
1730 2201 1827 2240 sacro·

999 2280 1066 2320 rum
1077 2266 1214 2322 ordinum
1226 2283 1361 2338 personae
1375 2269 1553 2343 signantur?
1567 2271 1641 2336 Quid
1656 2272 1822 2343 platearum

1000 2355 1131 2421 nomine,
1143 2356 1200 2411 nisi
1213 2359 1367 2427 praesentis
1379 2359 1741 2434 vitaelatitudollguratur‘l
1752 2364 1826 2429 Quia
1855 2377 1859 2384 ·

999 2444 1080 2499 enim
1092 2445 1191 2500 Graeca
1203 2445 1561 2518 aloquicnllmaclatitudo
1570 2450 1826 2524 dicitur,prclecto

999 2549 1016 2587 a
1031 2532 1189 2589 latitudine
1204 2534 1310 2606 platern
1325 2542 1395 2592 sunt
1409 2543 1529 2594 vocatas.
1555 2539 1610 2594 Per
1630 2542 1824 2612 semetipsam

998 2623 1186 2679 veroveritas
1197 2622 1283 2679 dicit:
1295 2627 1366 2682 hoto
1380 2629 1539 2698 cespatiosa
1553 2629 1599 2684 uia
1614 2636 1652 2684 est
1668 2646 1729 2699 qua
1744 2631 1823 2686 ducit

997 2711 1034 2767 ad
1044 2713 1232 2783 perditionem
1243 2714 1352 2784 (tlatth.
1367 2731 1416 2781 ru,
1429 2717 1483 2785 la).
1496 2719 1607 2772 hurum
1619 2718 1708 2790 igitur
1717 2718 1824 2775 obscu-

997 2806 1160 2866 ratur,cum
1172 2801 1299 2859 terrenis
1310 2803 1663 2862 aclibussanctitatisvita
1672 2806 1823 2878 polluitur.

995 2890 1081 2946 Color
1095 2892 1225 2963 optimus
1240 2899 1449 2962 commutatur,
1467 2911 1533 2950 cum
1554 2897 1756 2966 quorumdam
1772 2897 1824 2969 qui

995 2979 1101 3052 degere
1117 2979 1253 3051 religiose
1268 2982 1476 3052 credebantur,
1503 2984 1660 3040 estimatio
1684 2992 1821 3042 anteacta

996 3070 1141 3125 minuitur
1154 3072 1226 3126 Nam
1236 3072 1824 3144 cumquilibetpostsauctilatishabitum

1000 3158 1128 3214 terrenis
1143 3175 1174 3214 se
1189 3160 1303 3216 actibus
1319 3161 1433 3229 inserit,
1446 3163 1530 3233 quasi
1542 3163 1641 3218 colore
1656 3171 1825 3235 permutato

1002 3253 1072 3303 ante
1083 3247 1232 3304 humanos
1243 3248 1345 3305 oculos
1356 3249 1737 3323 rjusrevereutiadespccta
1745 3253 1824 3323 polle

1002 3336 1237 3392 scit.Sanctuarii
1245 3337 1519 3409 qnoquelapidesin
1531 3339 1828 3412 plateasdisperguu·

1002 3427 1061 3481 tur.
1069 3439 1137 3478 cum
1148 3423 1491 3480 causarumsecularium
1500 3425 1646 3481 loraslata
1656 3426 1763 3481 itinera
1774 3443 1826 3481 ex·

1000 3512 1141 3583 patuuthi
1154 3512 1203 3582 qui
1215 3510 1253 3568 ad
1264 3514 1824 3587 ornamentumEcclesioeinternismy·

1000 3600 1187 3672 steriisquasi
1196 3601 1396 3673 (flinsecretis
1407 3602 1587 3659 tubernaculi
1597 3619 1701 3661 vacare
1712 3604 1823 3660 debue-

999 3695 1079 3744 runt.
1096 3689 1140 3745 hd
1154 3690 1210 3745 boc
1225 3689 1333 3763 quippe
1347 3692 1507 3748 sanctuarii
1524 3692 1637 3765 lapides
1653 3692 1772 3758 liabent,
1789 3701 1824 3750 ut

1000 3776 1078 3834 intra
1093 3784 1377 3836 sanctasanctorum
1392 3780 1425 3836 in
1449 3782 1625 3838 vestimento
1645 3783 1752 3838 summi
1769 3799 1821 3839 sa·

999 3866 1127 3922 cardotis
1141 3874 1330 3940 apparerent.
1352 3870 1425 3926 Cum
1440 3887 1508 3926 raro
1523 3871 1654 3928 ministri
1669 3872 1822 3945 religionis

998 3972 1015 4011 a
1031 3955 1158 4012 subditis
1169 3956 1313 4013 honorem
1324 3958 1528 4030 Redemptorls
1539 3961 1584 4015 sui
1596 3977 1632 4016 ex
1647 3961 1823 4017 meritovitae

999 4064 1059 4105 non
1075 4049 1211 4123 exigunt,
1228 4051 1390 4106 sanctuarii
1405 4052 1456 4107 26
1472 4052 1587 4124 lapides
1602 4053 1632 4109 in
1650 4058 1827 4110 ornamento

998 4138 1150 4209 pontilicis
1166 4155 1227 4194 non
1244 4145 1324 4195 sunt.
1344 4140 1398 4206 Qui
1414 4142 1558 4199 nimirum
1574 4143 1735 4198 sanctuarii
1752 4143 1827 4215 lapi·

998 4225 1050 4282 des
1066 4225 1191 4299 dispersi
1208 4244 1262 4300 per
1276 4227 1391 4301 plateas
1402 4231 1515 4303 jacent,
1532 4249 1600 4288 cum
1619 4248 1754 4304 personae
1778 4248 1826 4287 sa·

997 4332 1116 4372 crorum
1131 4316 1270 4372 ordinum
1287 4318 1470 4390 voluptatum
1487 4336 1608 4376 suarum
1624 4322 1663 4391 (gi
1676 4319 1826 4376 latitudini

998 4403 1119 4472 deditae,
1136 4405 1263 4462 terrenis
1278 4408 1406 4480 negotiis
1421 4409 1578 4467 inhiarent.
1602 4412 1636 4464 Et
1659 4409 1824 4466 notandum

116 4500 151 4556 ad
160 4500 259 4574 jurgia
274 4498 443 4556 dirimenda
458 4496 629 4562 constituat,
646 4494 751 4566 etipse
767 4494 891 4553 liberius
906 4495 942 4552 ad
958 4493 980 4560 [l
997 4492 1076 4565 quod
1091 4510 1150 4550 non
1165 4494 1219 4550 hos
1235 4495 1385 4568 dispersos
1409 4498 1441 4552 in
1460 4499 1577 4571 plateis,
1601 4498 1653 4555 sed
1677 4499 1707 4554 in
1727 4500 1824 4570 capite

116 4589 294 4647 erudiendos
309 4587 435 4662 populos
450 4583 628 4659 spiritalium
643 4599 753 4641 arcana
772 4590 942 4659 cognoscat.
998 4582 1163 4654 platearum
1174 4582 1261 4650 dicit3
1273 4585 1459 4656 quiaeteum
1472 4592 1589 4644 terrena
1599 4593 1700 4660 agunt,
1712 4587 1822 4643 summi

153 4679 313 4736 Asubditis
324 4694 393 4751 ergo
404 4676 546 4732 inferiora
557 4673 777 4747 gerendasunt,
790 4675 944 4731 arectori-
997 4670 1088 4726 videri
1105 4676 1261 4743 appetunt,
1285 4679 1319 4728 ut
1338 4678 1367 4729 et
1387 4674 1448 4730 lata
1467 4674 1575 4731 itinera
1596 4681 1718 4732 teneant
1732 4675 1770 4739 llll
1786 4686 1822 4726 ⁰¹

115 4771 170 4826 bus
180 4785 297 4824 summa
312 4766 485 4840 cogitanda;
501 4768 535 4818 ut
544 4762 658 4819 scilicet
667 4763 798 4832 oculum,
810 4765 860 4835 qui
871 4782 944 4837 prae.
996 4757 1144 4830 voluptate
1159 4757 1377 4827 delectationis,
1388 4766 1419 4817 et
1433 4766 1532 4817 tamen
1543 4762 1574 4817 in
1585 4762 1749 4835 platearum
1762 4760 1823 4815 sint

115 4856 409 4929 videndisgressibus
419 4851 942 4926 praeminet,curapulrerisnonob·
996 4848 1092 4918 capite
1108 4864 1142 4904 ex
1157 4847 1269 4904 honore
1285 4849 1465 4906 sanctitutis.

115 4953 225 5003 scuret.
239 4948 471 5018 Caputnamque
483 4942 687 5014 subjectorum
699 4946 770 4996 sunt
780 4942 878 4998 cuncti
890 4944 941 5014 qui
1032 4937 1078 4992 Nil
1092 4953 1210 5008 quoque
1225 4937 1323 4993 obstat
1337 4939 1361 4994 si
1378 4939 1538 4996 sanctuarii
1563 4939 1676 5013 lapides
1698 4939 1822 4996 eosdem

152 5089 190 5160 (a)
205 5091 257 5144 llic
273 5088 529 5144 dissentiunthlss.
541 5083 817 5149 Exhnglican.,alii
830 5086 941 5143 habent
995 5079 1155 5138 multitudo
1171 5087 1199 5136 et
1215 5086 1387 5154 praestantia
1402 5102 1525 5157 ponere,
1542 5087 1720 5144 tabernaculi.
1738 5089 1821 5144 Nunc

116 5163 338 5231 importunitate,
349 5159 399 5215 alii
415 5159 670 5227 inopportunitate;
682 5155 761 5224 quod
773 5157 900 5214 liabetur
910 5160 940 5215 in
995 5152 1115 5223 quidem
1124 5153 1302 5234 ianrecensi
1313 5156 1430 5229 legitur,
1437 5160 1608 5223 sanctuarii:
1618 5165 1674 5214 ata
1689 5158 1821 5216 secunda

114 5234 186 5287 Care
196 5274 214 5299 .,
233 5232 308 5286 [lelv.
326 5237 355 5286 et
369 5228 499 5286 secundo
514 5228 632 5282 Curnot.
646 5226 805 5297 Sequimur
818 5230 941 5286 Trecen·
996 5240 1087 5279 manu
1104 5230 1262 5307 scriptum.

116 5298 938 5374 semcumquehlorm.conveuiunt.etomnesllulgati.
1030 5296 1283 5364 (praecentione
1306 5299 1421 5367 axcusi,
1452 5303 1573 5370 itbtdmt,
1603 5301 1822 5358 reluctantibus

152 5374 188 5445 (b)-
204 5373 302 5441 Corb,
317 5387 467 5441 anparere.
485 5372 517 5424 ln
532 5371 669 5438 Treoans,
684 5369 750 5424 dum
763 5384 791 5425 ss
812 5375 938 5442 urgueri.

150 5446 186 5515 lc)
201 5446 299 5510 Corh,
315 5447 374 5498 vita
389 5444 533 5513 turpescit.

149 5515 322 5586 (dicernat.
339 5515 447 5586 primu,
463 5510 636 5580 consolandi,

164 5591 188 5658 e)
203 5587 409 5652 carnotenses,
425 5586 547 5654 negotia.

994 5365 1134 5446 omuibus
1149 5367 1216 5421 hlss.
1233 5372 1379 5425 craterum
1391 5373 1824 5456 perpessonossacrornmordi-

994 5452 1070 5502 num,
1087 5438 1135 5490 hrc
1150 5444 1180 5491 et
1194 5438 1282 5509 paulo
1298 5457 1436 5513 superius
1451 5444 1589 5515 intelligit
1604 5444 1685 5515 Greg.
1702 5445 1821 5515 potissi·

994 5524 1066 5563 num
1078 5507 1247 5589 episcopos,
1265 5516 1446 5586 presbyteris
1459 5520 1558 5571 tamen
1568 5520 1598 5571 et
1612 5514 1744 5571 diaconis
1759 5532 1823 5572 non

997 5579 1138 5636 exclusis.
1156 5580 1206 5637 vic
1220 5582 1309 5650 inira,
1324 5588 1380 5641 uiri
1393 5603 1449 5644 sac.
1465 5586 1528 5645 ord.

161 5660 187 5731 t)
202 5658 321 5728 hxcusi,
336 5661 366 5713 in
380 5659 488 5713 seeretis
501 5655 666 5711 sanctuarii.
682 5653 787 5728 Coegit
804 5671 859 5714 nos
875 5657 941 5714 llos.
1036 5650 1157 5725 lbiiret
1168 5652 1292 5729 Gener,
1305 5656 1369 5730 Lyr.
1381 5657 1625 5725 secundas‚aud.
1637 5658 1770 5732 Longip„
1786 5674 1823 5717 aa
