3908 6156
427 305 622 368 APPENDlX
642 305 693 370 att
714 307 747 370 S.
772 304 960 371 GREGORII
981 301 1209 369 sristotts.
1592 298 1671 370 lddl

96 440 138 499 tei
152 438 289 498 ltcclesiei
309 440 486 510 destructor,
508 457 526 498 a
550 440 696 498 consertio
712 440 791 497 Chri·
805 445 832 511 Α
847 438 920 495 sium
949 436 1106 511 episcopus
1133 438 1318 512 subscripsit
1346 438 1426 496 l'ellx
1458 440 1668 499 portuensium

96 530 123 587 is
137 534 166 586 et
190 545 311 602 corpore
337 546 370 586 οο
397 529 539 602 sanguine
553 529 670 587 Domini
697 529 788 587 nostri
843 529 999 601 epiecopus
1027 527 1212 601 subscripsit.
1233 528 1382 586 Gloriosus
1405 529 1584 587 Ostiensium
1605 530 1669 603 epi-

96 619 151 677 risti
175 624 387 690 sequestretur,
410 625 438 676 et
461 618 593 676 omnium
610 614 788 678 maledictio·
843 632 952 689 scapus
967 617 1152 687 subscripsit.
1163 616 1352 675 Constantius
1366 618 1538 676 Narniensie
1552 620 1665 693 epieco-

96 709 253 779 athemste,
278 709 387 782 quibus
409 707 544 766 inlidelee
558 713 587 764 et
609 708 736 764 heretici
750 707 788 764 ab
843 722 899 779 pus
921 705 1105 779 subscripsit.
1130 706 1322 764 Constantius
1347 707 1574 766 Mediolanensis
1602 711 1665 783 epi·

96 798 163 856 iculi
180 799 319 871 usquein
336 815 463 871 prossus
479 798 612 855 damnati
627 801 708 866 sunt,
719 812 787 854 cum
842 808 948 868 scupus
970 792 1154 865 subscripsit.
1171 794 1312 851 Satellius
1326 794 1589 868 burdegalensium
1603 797 1666 870 epi-

97 886 190 945 ditore
205 887 335 956 Domini,
351 888 381 944 in
398 887 512 944 interno
527 886 656 945 interiori
669 887 787 944 damne-
842 898 950 955 scopus
965 882 1260 955 subscripsitvttatis
1272 884 1498 942 vesoncensium
1511 888 1666 960 episcopus

109 977 200 1051 digna
215 977 386 1050 paenitentia
409 978 595 1050 prelatorum
616 981 785 1034 sanctorum
841 973 1026 1044 subscripsit.
1044 972 1209 1030 bonifacius
1236 972 1388 1031 Placentiae
1415 975 1569 1048 episeopus
1598 977 1668 1034 suh·

97 1065 241 1140 pitiaverit
265 1066 449 1123 clementiam
469 1069 498 1122 et
518 1067 639 1124 instrum
654 1082 786 1124 commu·
840 1063 968 1136 scripsit.
1000 1062 1130 1136 filagrius
1168 1063 1478 1137 Augustodunensium
1508 1065 1666 1139 episcopus

96 1154 482 1213 inciliaueritconcordinm.
840 1151 1024 1225 subscripsit.
1065 1151 1180 1209 Flauius
1210 1152 1390 1209 Rhemorum
1427 1153 1667 1228 archiepiscopus

96 1244 235 1317 tragos-ius
261 1249 367 1301 sancias
392 1245 529 1302 Romanae
559 1244 638 1301 sedis
662 1245 785 1302 antistes
841 1237 1027 1309 subscripsit.
1043 1237 1200 1294 Anseribus
1219 1238 1396 1295 suessorum
1416 1241 1573 1313 episcopiis
1589 1241 1665 1297 stib-

96 1334 196 1409 rtlsgio
211 1335 385 1409 „ubam-ipat,
402 1336 539 1393 sicharius
552 1336 729 1393 Arelatensis
740 1351 784 1393 ar.
840 1327 969 1400 scripsit.
989 1327 1185 1385 'theodericus
1201 1344 1251 1385 rex
1264 1328 1448 1401 subscripsit.
1463 1328 1662 1386 Bruniahildis

96 1440 162 1497 >pua
200 1425 386 1499 subscripsit.
422 1424 580 1498 Gregorius
616 1424 784 1482 portuensis
839 1416 1424 1491 reginssubscripsitlllgoPetrossanatei
1435 1418 1662 1477 Ramnensedis

98 1514 314 1585 ssuhscripsit.
334 1514 467 1570 Andreas
482 1513 655 1570 libanensis
671 1513 784 1585 episco-
837 1505 997 1577 [Notsriue]
1008 1505 1181 1580 subscripsi,
1191 1510 1219 1563 et
1229 1505 1480 1580 sigillaviliatum
1492 1523 1532 1564 vii
1540 1506 1659 1565 Kalend.

97 1602 209 1674 cripsit.
233 1603 416 1676 Augustinus
431 1602 653 1660 Cantauricrum
671 1602 783 1674 episoe·
835 1595 851 1652 J
856 1595 1014 1667 unii,anno
1029 1596 1066 1654 ab
1081 1597 1283 1654 lncsrnstione
1298 1596 1416 1654 Domini
1427 1598 1490 1664 stt,
1502 1598 1605 1657 indict.
1617 1600 1662 1656 tt.

96 1691 219 1766 scripsit.
245 1693 419 1749 Anastasius
438 1692 604 1765 'tyburtina
629 1691 783 1764 episcopus
979 1685 1013 1741 V.
1031 1686 1145 1742 Decreta
1158 1686 1252 1742 sancti
1262 1685 1388 1758 Gregorii
1401 1703 1482 1759 popa
1496 1689 1518 1743 l.

96 1781 143 1839 sit.
159 1781 278 1855 Sergius
299 1780 483 1838 Prenestinni
512 1781 665 1854 episcopus
695 1784 781 1838 auhs—
795 1822 819 1887 B
835 1773 856 1823 1·
869 1774 906 1824 ⁰0
921 1773 1010 1824 ⁰ffl⁰i⁰
1024 1772 1201 1848 &imitemin
1216 1774 1474 1850 teiitflttotwlitae·
1499 1803 1527 1814 -
1553 1774 1585 1826 11·
1610 1774 1662 1837 01¹¹

865 1836 905 1890 tet
924 1836 1018 1901 quates
1032 1837 1066 1886 ad
1081 1837 1168 1887 cubile
1183 1836 1318 1900 pontificis
1333 1839 1498 1889 deserviant.
1520 1864 1552 1877 -
1566 1839 1611 1890 lll.
1634 1838 1664 1890 Si
1738 1860 1742 1867 ·

99 1870 203 1973 pm}
237 1871 372 1973 mgnum
402 1871 557 1943 ⁰Pi⁸⁰⁰p¹¹⁸
592 1869 780 1972 ΒΡΜΟΓῙΡΒῙῑ·
872 1900 933 1962 quis
955 1898 1193 1950 ecclesiasticorum
1218 1900 1309 1950 titulos
1330 1914 1431 1964 ponere
1451 1903 1663 1974 presumpserit.

96 1975 102 2016 i
124 1959 248 2017 Sutrine
274 1976 429 2033 episcopus
452 1960 635 2033 subscripsit.
661 1958 786 2016 Mellitus
871 1988 902 1999 -
915 1960 959 2010 lv.
975 1961 1012 2011 De
1027 1974 1083 2011 non
1097 1960 1212 2011 rolando
1227 1962 1325 2012 feretro
1341 1962 1457 2012 Romani
1473 1964 1617 2026 pontilicis.
1631 1990 1663 2003 -

96 2063 119 2104 rs
136 2048 293 2121 spiscopus
308 2048 493 2122 subscripsit.
509 2047 638 2105 loannes
661 2047 784 2104 Veliter·
869 2022 1127 2150 ξιᾞοξέξέυξῗζ
1134 2023 1303 2150 W'nsffi‘ff
1319 2025 1362 2136 {2¹
1378 2026 1665 2140 ssfflffl‘ffiffiggiss‘ffi

130 2137 284 2210 episcopus
318 2137 501 2210 subscripsit.
536 2137 671 2194 Tiberius
698 2136 783 2194 Silvas
869 2147 1064 2200 patronicium
1080 2148 1200 2199 converti
1216 2148 1360 2200 desiderat.

106 2226 262 2300 epiecopus
274 2226 457 2299 subscripsit.
473 2227 655 2284 Marinisnus
670 2225 781 2284 llsven·
872 2229 1076 2304 (a)ttegnsnte
1094 2229 1311 2301 inperpetuum
1327 2227 1449 2284 Domine
1476 2232 1660 2286 nostroicsu
1773 2298 1780 2307 ⁸

96 2313 198 2373 iclesiae
226 2317 382 2388 episcopus
411 2317 601 2389 subscripsit.
632 2317 781 2373 vtiutioos
835 2318 962 2387 christe,
979 2317 1159 2390 temporibus
1175 2316 1299 2389 piissimi
1315 2333 1348 2373 οο
1364 2316 1546 2373 serenissimi
1563 2317 1660 2375 dami-

99 2405 284 2475 pcntinensis
295 2405 642 2479 episcopussubscripsit.
653 2406 781 2463 loannes
836 2409 865 2465 ni
882 2409 920 2483 (h)
938 2407 1068 2465 Mauricii
1082 2407 1198 2475 Tiberii,
1224 2411 1252 2463 et
1266 2405 1421 2462 Theodosii
1444 2409 1657 2479 Augustorum,

96 2508 208 2549 inarum
224 2492 381 2566 episcopus
402 2493 586 2566 subscripsit.
603 2493 779 2549 Sabinianus
834 2499 964 2570 ejusdem
981 2496 1092 2554 domini
1108 2496 1221 2567 imperii
1239 2496 1369 2553 btsuricii
1386 2511 1463 2552 anno
1480 2497 1566 2552 tertio
1580 2494 1658 2552 dcci·

96 2596 184 2638 crum
196 2582 350 2654 spiscopus
365 2582 551 2653 subscripsit.
568 2580 706 2652 Eulogius
717 2582 780 2638 Ate-
834 2603 892 2644 mo.
909 2587 943 2661 (c)
959 2586 1118 2642 indictione
1134 2584 1220 2640 tertis
1233 2582 1472 2657 decimaquinta
1486 2584 1533 2640 die
1547 2584 1656 2640 mensis

99 2670 255 2744 episcopus
266 2671 452 2743 subscripsit.
467 2670 635 2727 Dominicus
654 2670 777 2728 Gnrths·
831 2675 915 2745 Julii,
930 2675 1084 2748 Gregorius
1099 2690 1174 2747 papa
1195 2689 1291 2730 coram
1307 2673 1491 2730 sanctissimo
1506 2672 1584 2729 besti
1601 2672 1657 2729 Pe·

101 2760 257 2833 episcopus
270 2760 455 2831 subscripsit.
474 2760 648 2816 Fortunatus
663 2759 775 2831 Neapo·
832 2765 866 2821 tri
882 2779 1013 2837 corpore,
1025 2763 1063 2837 (a)
1074 2779 1141 2819 cum
1156 2762 1299 2836 episcopis
1313 2762 1452 2818 omnihus
1467 2776 1501 2817 ac
1515 2760 1653 2818 Romanas

96 2850 284 2922 aepiscopus
305 2850 492 2923 subscripsit.
507 2853 635 2906 ioannes
650 2850 773 2906 Surren·
830 2853 964 2910 ticolesia
983 2852 1159 2924 preshyteris
1178 2851 1321 2920 residens,
1340 2850 1504 2907 astantibus
1518 2849 1652 2908 discutii-

96 2938 212 3011 isccpus
235 2939 420 3011 subscripsit.
446 2938 612 2995 Primavius
637 2938 775 2996 Nutrien·
830 2943 895 3010 bus,
905 2950 932 2998 et
947 2946 1053 2998 cuncto
1068 2942 1145 2996 clero
1160 2939 1233 2996 dixit
1249 2956 1256 2995 :

96 3078 171 3118 :asra
187 3063 247 3144 [Al.
264 3064 309 3129 ll,
325 3063 374 3122 et.
391 3063 570 3134 iv,iad.13].
586 3095 620 3104 -
634 3064 672 3136 (ο)
687 3065 775 3135 Syna·
828 3071 922 3142 patum
935 3068 1026 3127 sancti
1040 3069 1179 3124 Benedicti
1196 3069 1324 3138 probasse
1342 3072 1370 3122 et
1393 3067 1581 3135 construantur.
1599 3067 1650 3124 Ss-

104 3137 237 3191 meminit
252 3142 368 3191 sanctus
388 3137 554 3207 Gregorius,
571 3135 621 3191 lih.
639 3153 666 3205 v,
686 3136 772 3205 epist.
828 3159 892 3198 vsa.
910 3147 969 3198 Bia.
987 3172 1021 3183 -
1037 3141 1101 3196 lisia
1116 3140 1232 3197 decretu
1247 3138 1346 3194 eadem
1363 3139 1484 3194 omnino
1499 3145 1570 3193 sunt
1581 3154 1650 3194 cum

107 3211 196 3261 uatem
211 3209 375 3275 fraternitas
386 3209 551 3279 uestraquia
584 3209 772 3274 riuspoltiitnr
794 3199 947 3284 Cgestiss
968 3212 1036 3269 nodi
1052 3228 1115 3283 quei
1136 3212 1282 3266 habentur
1301 3211 1386 3282 epist.
1403 3209 1437 3264 tt
1452 3208 1471 3262 Ι.
1490 3225 1528 3276 iv,
1546 3221 1651 3280 preter

107 3278 244 3334 mnmodo
265 3295 319 3334 aaa
340 3279 467 3360 dotatur.
495 3279 551 3346 Quo
583 3282 715 3351 quoniam
728 3280 776 3334 ia·
829 3302 920 3356 pauca
932 3230 982 3339 ilis
994 3301 1057 3356 qne
1073 3288 1139 3355 post
1153 3281 1386 3352 subscriptiones
1401 3280 1549 3351 leguntur.
1567 3278 1649 3336 Unde

96 3364 104 3402 Ι
119 3353 188 3413 ertit.
208 3352 280 3417 {aaa
298 3350 413 3405 consilto
428 3360 490 3405 unte
512 3366 610 3418 corpas
634 3352 706 3406 tertii
720 3353 773 3407 Pe·
827 3373 894 3412 vero
910 3355 960 3412 ilia
970 3356 1125 3425 desumpta
1140 3360 1200 3409 sint
1211 3369 1267 3408 nnn
1282 3353 1377 3421 video,
1389 3368 1455 3407 oum
1467 3351 1497 3406 iu
1512 3353 1648 3407 omnihus

109 3424 143 3475 rte
158 3421 207 3476 hac
221 3437 304 3491 quom
322 3421 355 3478 dc
369 3421 591 3476 ordinationibus
603 3421 711 3492 aliquid
725 3440 772 3480 ac·
828 3444 896 3484 iiiss.
910 3428 1064 3484 Codicihtis
1080 3425 1189 3481 desint.
1203 3426 1276 3491 Quia
1291 3429 1389 3479 tamen
1401 3428 1470 3479 sunt
1486 3424 1520 3478 ad
1537 3422 1647 3478 calcem

96 3493 118 3546 ili
131 3491 261 3548 districta
283 3493 475 3548 interdictione
490 3493 636 3548 vetuimus.
654 3493 774 3552 Exstant
828 3502 1023 3571 quarumdam
1052 3498 1195 3554 editurum
1220 3494 1334 3568 registri
1363 3493 1586 3563 exemplarium.
1615 3510 1650 3551 ea

98 3563 144 3618 ius
156 3565 257 3636 synodi
275 3564 345 3618 Acta
360 3566 389 3618 iii
402 3564 491 3620 Cudd.
507 3563 630 3619 Cclbert.
647 3565 732 3621 Gurb.
744 3571 773 3623 et
827 3574 961 3626 omittere
977 3568 1066 3634 nolui,
1092 3583 1127 3624 ne
1152 3569 1224 3623 torte
1251 3566 1406 3633 anisousin
1432 3565 1499 3621 huin
1519 3565 1647 3621 Editieni

96 3634 179 3698 iniis,
196 3636 225 3690 iii
241 3636 336 3704 catcc;
353 3651 514 3708 earumque
538 3635 706 3693 meminisse
729 3638 772 3693 vi·
826 3642 936 3768 auium
953 3643 1051 3697 deesse
1063 3644 1297 3708 conquereretur.
1314 3637 1456 3694 (iusserit.

96 3706 138 3769 ia,
156 3705 206 3761 lib.
224 3724 242 3762 ii
269 3706 424 3773 ilistor.,o.
453 3712 463 3761 l
488 3707 649 3777 :Excepta
665 3708 771 3775 innuit.
862 3707 1646 3792 (tDuosunteJusdemimperatorisnominazunde
1761 3758 1764 3763 .

96 3779 358 3850 tacitaetacitae
382 3782 420 3834 ari
438 3780 670 3851 interrogationes
683 3782 773 3836 suncti
827 3786 1005 3839 removimus
1024 3783 1167 3851 virgatam
1184 3797 1248 3852 quen
1262 3797 1325 3850 ipss
1341 3780 1504 3850 separabat.
1522 3778 1584 3833 Fuit
1600 3789 1644 3836 ta·

96 3851 99 3898 ἵ
123 3851 209 3919 primi
232 3849 386 3920 raptor-om
407 3853 494 3918 gentis
518 3851 637 3916 episcopi
651 3854 771 3921 scripsit,
827 3871 893 3911 nien
921 3855 1059 3910 Mauricio
1071 3858 1201 3919 Augusto
1226 3852 1303 3906 iltius
1327 3851 1447 3906 Tiberias
1472 3852 1645 3919 nominant

96 3920 273 3977 docuimus...
290 3921 385 3976 tinette
401 3937 507 3994 pacatae
520 3924 669 3993 synodico.
689 3939 772 3993 curm
826 3927 920 3991 ipsura
933 3926 1132 3982 renuntiatum
1149 3926 1365 3994 imperatorem.
1381 3929 1432 3977 aut
1447 3923 1535 3977 atisin
1555 3921 1646 3977 Gesa-

96 3994 162 4057 :apis
177 4002 209 4047 rte
224 3993 387 4047 necessariis
403 3992 535 4050 Ecclesiae
549 3995 643 4047 otiaris
659 3994 772 4051 utitlssa'·
826 4014 897 4064 reni,
923 4014 1068 4069 nusquam
1095 3996 1231 4067 legimus,
1257 3995 1391 4067 quumvis
1416 3993 1442 4049 ei
1469 3993 1646 4049 destinasset

96 4066 200 4133 proruit,
216 4069 270 4119 etc.
292 4064 397 4118 Preter
413 4081 483 4119 nise.
500 4064 618 4120 Codices
633 4065 771 4134 epistola·
826 4072 1022 4134 paterveteris
1037 4068 1134 4124 Roma
1145 4067 1314 4133 imperium.
1327 4064 1465 4121 Praeterea
1476 4066 1500 4119 si
1519 4066 1571 4120 hnc
1582 4066 1645 4120 lonc

96 4150 125 4189 is
139 4135 168 4189 iii
195 4151 252 4206 quo
273 4134 417 4190 habentur
437 4153 473 4191 iii.
492 4135 616 4191 homilis
630 4135 660 4191 in
676 4136 770 4193 Evan-
825 4141 934 4196 Tiberii
952 4141 1001 4196 filii
1018 4139 1149 4196 Mauricii
1167 4138 1276 4194 mentio
1295 4136 1387 4207 lieret,
1404 4137 1451 4192 hic
1471 4143 1538 4192 ante
1552 4136 1647 4193 'l'hco-

96 4221 139 4261 em
162 4221 196 4261 eii
220 4205 398 4261 Bibliotheca
418 4206 571 4279 Bigotinns
593 4208 770 4277 accepimus,
825 4211 941 4267 dasium
958 4212 1080 4268 instrum
1095 4219 1161 4266 natu
1179 4211 1318 4280 sistarcia
1334 4209 1456 4264 minime
1470 4223 1648 4264 commemo·
1736 4240 1746 4249 -

96 4285 180 4333 terete
194 4285 382 4349 representat
403 4280 506 4334 ultimo
528 4280 600 4337 loco.
616 4278 682 4350 lpsa
698 4296 770 4351 que·
825 4284 882 4338 rari
897 4283 1055 4340 debuisset.
1071 4312 1105 4325 -
1131 4283 1258 4338 ttattrtoii
1273 4297 1347 4336 anno
1365 4281 1407 4335 13.
1423 4281 1551 4352 Corriga.
1567 4279 1647 4335 deci·

96 4364 154 4404 ntis
182 4348 211 4403 in
244 4349 422 4405 membranis
449 4350 586 4420 epistolas
612 4351 770 4408 decretales
825 4370 1062 4413 incensionum
1087 4354 1246 4410 indictione
1269 4353 1383 4408 decima
1407 4351 1500 4413 tertia,
1518 4351 1647 4405 decimus

96 4434 134 4475 im
159 4420 328 4489 pontificum
355 4437 371 4476 a
390 4421 535 4494 sylvestro
551 4421 769 4493 exhibentibus,
824 4425 967 4488 Mauricii.
984 4443 1040 4482 nun
1057 4425 1188 4481 decimus
1203 4422 1307 4478 tertius
1321 4423 1467 4487 currebat,
1481 4424 1513 4475 nt
1527 4424 1647 4489 apparet

96 4496 235 4547 cexstrnt
248 4509 275 4548 in
290 4491 490 4549 bibliothitll.
503 4492 618 4549 Petrum
630 4493 768 4559 Gapucin·
824 4514 858 4553 ex
875 4498 1015 4570 principio
1035 4495 1087 4552 lih.
1111 4513 1132 4551 ii
1155 4495 1348 4564 llpistolsruiu
1364 4490 1505 4563 Gregorii.
1523 4492 1571 4544 ubi
1594 4506 1647 4546 an·

96 4578 124 4633 g.
136 4563 236 4619 -Hcc
247 4565 403 4618 concilium
415 4565 556 4619 indictum
570 4569 641 4619 esta
662 4563 768 4638 Grego·
785 4584 808 4651 Ι)
824 4585 895 4624 num
911 4571 1069 4639 septimum
1084 4565 1213 4622 Mauricii
1233 4564 1418 4634 imperatoris
1433 4563 1551 4617 decimas
1567 4560 1643 4615 indi·

97 4633 127 4689 in
142 4649 230 4690 causa
244 4636 364 4690 ioannis
380 4637 538 4708 presbytori
551 4635 767 4693 Chalcedonen-
823 4640 910 4696 cticni
927 4644 1107 4695 annumerat.
1123 4643 1225 4694 seusa.
1246 4652 1306 4692 siti.

96 4707 151 4774 sire,
167 4709 217 4777 qui
233 4721 296 4762 cum
314 4707 456 4763 aloanne
471 4707 606 4778 episcopo
621 4709 767 4764 Constsn-
859 4713 895 4782 (c)
911 4715 950 4767 lix
966 4711 1011 4767 hio
1031 4709 1105 4766 notis
1129 4705 1342 4779 chronologicis
1356 4709 1469 4761 constat
1481 4706 1563 4774 gesta
1583 4701 1643 4758 haec

96 4793 141 4832 iiio
156 4777 276 4834 heresis
288 4778 395 4847 injuste
409 4780 567 4834 damnatus
580 4780 721 4835 t'uiasetct
735 4781 769 4835 ad
824 4784 924 4838 eedem
942 4797 1062 4854 prorsus
1078 4796 1142 4836 esse
1163 4796 1230 4836 cum
1253 4777 1377 4834 decretis
1400 4776 1435 4830 sd
1458 4775 1596 4830 oslcema
1618 4775 1642 4828 i·

96 4848 250 4906 iestclicam
267 4849 451 4920 appellasset,
468 4853 639 4906 auctoritate
656 4850 772 4923 pontill-
824 4854 965 4910 staturum
984 4853 1107 4916 excusis,
1129 4852 1156 4907 in
1171 4847 1370 4921 superioribus
1386 4845 1581 4927 liditicnihus.
1597 4790 1641 4901 ihi

96 4920 155 4975 lum
172 4919 248 5003 hano
259 4919 367 4978 ibidem
381 4923 550 5003 congregari
564 4921 650 4976 iecit:
667 4924 695 4976 in
712 4938 771 4993 qua
822 4925 900 4981 enim
917 4926 998 5007 idem
1011 4939 1106 4980 annus
1126 4939 1177 5007 seu
1193 4920 1383 5003 imperiiseu
1406 4917 1573 5002 indictionis
1587 4933 1641 5001 po·

96 4997 422 5134 itiitititttttt
443 4996 770 5135 tttititttittti
821 5000 925 5138 iiiii
933 4987 1643 5145 1311111ἓὲ131..ζῖὲῧὲξἭὲῗῖέζὲἕὲἒῖἓὲζ

110 5134 223 5206 judicic
250 5136 374 5204 desuper
388 5135 498 5203 habita,
508 5136 585 5205 juste
601 5135 769 5192 ahsolutum
857 5137 1022 5210 (dlldutatis
1032 5135 1139 5193 sensim
1152 5136 1282 5191 moribus
1295 5135 1453 5206 presbyteri
1466 5132 1496 5187 in
1512 5131 1643 5188 conciliis

96 5208 178 5262 tatur
189 5208 346 5277 Gregorius
362 5205 435 5262 libro
449 5208 552 5278 quinta
568 5207 653 5278 epist.
671 5208 714 5272 15,
736 5209 770 5263 16
822 5225 877 5265 οοο
890 5209 1113 5277 sederuot3imo
1124 5206 1238 5278 necipsi
1250 5206 1388 5276 episcopi.
1403 5203 1435 5259 ln
1446 5204 1644 5274 congregatio·

110 5275 254 5332 Joanuem
276 5277 443 5350 episcopum
469 5279 768 5352 Constantinopolita-
822 5282 909 5337 nibus
923 5296 1020 5337 corant
1036 5295 1152 5336 summo
1168 5273 1645 5348 pcntltlcehshitisantbditsede·

96 5346 150 5404 hnc
166 5349 266 5404 endem
283 5350 404 5421 synodo,
422 5354 487 5422 post
503 5365 552 5405 ser
569 5366 696 5406 canones
721 5365 768 5406 su·
820 5352 902 5421 bant,
916 5356 946 5407 ut
961 5352 1120 5423 apparetis
1132 5347 1318 5405 Vitailsttics
1327 5345 1644 5428 bartholomeiattsr·

96 5424 175 5487 ntes,
191 5426 310 5476 sanctus
325 5421 481 5491 Gregorius
498 5421 678 5491 implendum
695 5421 769 5478 indt-
821 5424 944 5496 turibus,
956 5422 1221 5494 tih.ii,c.22,quetn
1232 5420 1328 5477 locum
1339 5435 1397 5475 noti
1410 5415 1641 5489 pigebitlegisse.

106 5490 143 5547 dc
157 5508 216 5564 quo
240 5491 312 5548 libro
334 5494 438 5564 quinto
462 5492 585 5564 epistola
602 5492 706 5563 prims,
721 5491 768 5549 in·
820 5496 991 5567 antiquitus
1003 5493 1145 5550 sedebant
1155 5493 1184 5548 in
1196 5490 1329 5548 conciliis
1340 5490 1512 5616 presbyteri,
1525 5494 1642 5544 senten·

96 5561 327 5633 decimaquarta
350 5564 423 5637 agit,
448 5570 480 5619 ut
502 5564 610 5619 nullius
625 5565 684 5620 sint
697 5580 768 5636 pon·
819 5566 889 5622 tiam
902 5562 1334 5630 dicebant‚suhsrrihebant‚vel
1353 5563 1642 5634 psoprtesentesum·

96 5648 106 5687 i
129 5634 164 5688 ds
183 5634 268 5689 honis
283 5639 349 5718 poet
363 5635 561 5719 episcopatum
576 5637 690 5707 adeptis
710 5637 769 5706 epi·
820 5639 1022 5708 mopuntitice,
1033 5642 1105 5692 uter
1116 5637 1172 5694 hoc
1182 5632 1486 5707 loceliquet‚etinelio
1498 5630 1553 5713 sub
1567 5629 1638 5683 Gre-

96 5706 247 5760 tstsmente
262 5707 466 5779 disposuisset.
483 5706 575 5764 Scene
590 5725 657 5764 vero
672 5709 708 5765 de
721 5707 769 5765 his
819 5710 899 5781 sorio
910 5710 945 5775 lt,
958 5726 1005 5766 sn.
1020 5708 1085 5764 721.
1101 5706 1233 5766 Plurima
1247 5721 1397 5765 recensere
1413 5702 1529 5759 lenieris
1542 5712 1636 5780 opere

96 5790 101 5830 i
126 5776 225 5848 episoo
247 5781 327 5833 atum
352 5777 539 5849 possedisset.
566 5781 724 5852 deperimus
738 5781 768 5836 in
819 5778 1637 5847 esseteiinutillecutudivarstepartisauctoresnouinon

96 5845 161 5932 idias
183 5793 350 5932 Stilonem,
375 5849 472 5922 inquit
497 5850 612 5919 berun,
629 5868 689 5922 nn„
705 5852 768 5917 tiis,
819 5852 989 5913 inficientur
1000 5851 1146 5920 usum,de
1154 5839 1638 5933 turstautaunodedispateut.to

107 5933 139 5978 tn
153 5919 270 5979 mactra
284 5920 406 5979 Βοοιοοο
417 5921 544 5981 eamden
559 5923 717 5998 Greportaas
727 5941 764 5982 re·
818 5922 953 5989 chalced.
973 5940 1055 5988 conc.
1070 5930 1261 6006 presbyteres
1291 5919 1371 5999 quast
1390 5914 1504 5991 iudicas
1518 5907 1643 5973 ssibus
